,Report Date,Sales,Raw Material Cost,Change in Inventory,Power and Fuel,Other Mfr. Exp,Employee Cost,Selling and admin,Other Expenses,Other Income,Depreciation,Interest,Profit before tax,Tax,Net profit,Dividend Amount,COMPANY NAME
1,3/31/2011 0:00,3589.36,,,,52.36,383.36,296.66,414.98,710.8,60.55,2212.86,879.39,302.06,577.33,93.19,INDUSIND BANK LTD
2,3/31/2012 0:00,5359.19,,,,74.84,486.17,377.56,510.19,1011.78,74.96,3654.95,1192.3,389.69,802.61,102.89,INDUSIND BANK LTD
3,3/31/2013 0:00,6983.23,,,,96.45,662.19,519.88,668,1362.96,73.43,4750.37,1575.87,514.68,1061.18,156.86,INDUSIND BANK LTD
4,3/31/2014 0:00,8253.53,,,,125.83,810.15,604.63,1014.65,1890.53,98.15,5362.82,2127.83,719.81,1408.02,183.97,INDUSIND BANK LTD
5,3/31/2015 0:00,9691.96,,,,164.77,981.6,756.62,1227.81,2546.09,126.85,6271.69,2708.71,915,1793.72,211.78,INDUSIND BANK LTD
6,3/31/2016 0:00,11871.74,,,,201.67,1237.4,602.35,2146.32,3296.95,156.52,7355.17,3469.26,1182.81,2286.45,267.75,INDUSIND BANK LTD
7,3/31/2017 0:00,14405.67,,,,255.15,1523.74,1138.09,2766.73,4171.49,190.7,8343.07,4359.68,1491.79,2867.89,358.89,INDUSIND BANK LTD
8,3/31/2018 0:00,17280.75,,,,341.83,1783.48,843.25,3586.67,4750.1,211.64,9783.3,5480.68,1874.69,3605.99,450.16,INDUSIND BANK LTD
9,3/31/2019 0:00,22261.15,,,,335.63,1857.19,927.35,6162.13,5645.54,228.85,13414.97,4980.57,1679.47,3301.1,452.02,INDUSIND BANK LTD
10,3/31/2020 0:00,28782.83,,,,360.28,2212.26,1088.4,8941.93,6942.71,277.97,16724.09,6120.61,1702.7,4417.91,,INDUSIND BANK LTD
1,3/31/2011 0:00,30081.4,,,,667.73,4395.96,2106.28,25955.8,31513.3,739.68,19342.57,8386.68,2068.49,6093.27,1612.55,ICICI BANK LTD
2,3/31/2012 0:00,37994.86,,,,670.53,5104.88,2110.08,22403.89,28659.7,671.44,25013.25,10680.49,2742.86,7642.93,1902.07,ICICI BANK LTD
3,3/31/2013 0:00,44884.59,,,,775.69,5633.25,6689.78,18585.15,29319.81,625.48,28285.41,13609.64,3479.76,9603.61,2307.28,ICICI BANK LTD
4,3/31/2014 0:00,49479.25,,,,854.02,5973.68,7127.2,18897.57,30084.61,719.27,29710.61,16281.51,4604.4,11041.37,2656.59,ICICI BANK LTD
5,3/31/2015 0:00,54964,,,,1008.28,6574.24,2679.71,28503.72,35252.24,798.22,32318.15,18333.92,5391.62,12246.87,2899.15,ICICI BANK LTD
6,3/31/2016 0:00,59293.71,,,,1154.03,6918.58,3008.5,41170.77,42102.14,843.11,33996.47,14304.39,3377.5,10179.96,2907.92,ICICI BANK LTD
7,3/31/2017 0:00,60939.98,,,,1340.41,7902.81,3546.3,51049.87,52456.23,911.64,34835.83,13809.35,2469.02,10188.38,1456.39,ICICI BANK LTD
8,3/31/2018 0:00,62162.35,,,,1720.34,8342.58,3974.96,58768.56,56806.75,922.14,34262.05,10978.47,1878.92,7712.19,964.36,ICICI BANK LTD
9,3/31/2019 0:00,71981.65,,,,1778.56,9437.03,5419.74,67137.33,59322.65,945.84,39177.54,7408.26,1719.1,4254.24,644.73,ICICI BANK LTD
10,3/31/2020 0:00,84835.77,,,,2016,11169.57,6135.79,66039.39,64950.33,1171.22,44665.52,18588.61,7363.14,9566.31,,ICICI BANK LTD
1,3/31/2011 0:00,20022.55,8794.99,307.6,278.54,2165.89,1016.67,4666.41,710.33,489.89,229.29,1.01,2956.91,650.28,2296.05,1403.68,HINDUSTAN UNILEVER LTD
2,3/31/2012 0:00,23436.33,10308.66,-95.15,299.63,2603.89,1207.44,4583.67,883.21,402.19,233.54,1.65,3621.68,821.54,2790.66,1621.12,HINDUSTAN UNILEVER LTD
3,3/31/2013 0:00,27003.99,11947.57,26,335.94,2716.4,1431.62,5417.15,1021.28,1183.04,251.32,25.72,5066.03,1226.66,3828.98,4000.62,HINDUSTAN UNILEVER LTD
4,3/31/2014 0:00,29233.74,12644.63,171.3,362.76,2939.55,1572.66,6117.42,1036.18,819.56,295.54,40.68,5215.18,1259.44,3945.57,2811.51,HINDUSTAN UNILEVER LTD
5,3/31/2015 0:00,31972.19,13509.4,-57.04,346.97,3164.64,1723.87,6769.04,1005.18,1263.55,322.39,17.7,6319.51,1944,4363.08,3245.25,HINDUSTAN UNILEVER LTD
6,3/31/2016 0:00,32186,13184,-83,309,2966,1680,6741,1313,486,353,17,6026,1875,4151,3456,HINDUSTAN UNILEVER LTD
7,3/31/2017 0:00,33162,13606,-144,295,2887,1743,6689,1531,667,432,35,6467,1977,4476,3672,HINDUSTAN UNILEVER LTD
8,3/31/2018 0:00,35545,14233,72,295,2998,1860,7252,1574,447,520,26,7306,2079,5214,4320,HINDUSTAN UNILEVER LTD
9,3/31/2019 0:00,39310,15845,-12,308,3041,1875,7796,1557,326,565,33,8604,2544,6054,4752,HINDUSTAN UNILEVER LTD
10,3/31/2020 0:00,39783,15697,108,299,2906,1820,7620,1770,506,1002,118,9165,2409,6748,5400,HINDUSTAN UNILEVER LTD
1,,,,,,,,,,,,,,,,,HERO MOTOCORP LTD
2,,,,,,,,,,,,,,,,,HERO MOTOCORP LTD
3,,,,,,,,,,,,,,,,,HERO MOTOCORP LTD
4,3/31/2014 0:00,25275.47,18221.53,-8.36,137.46,232.61,930.35,1592.29,613.77,444.19,1107.37,11.82,2864.1,758.17,2102.66,1298.05,HERO MOTOCORP LTD
5,3/31/2015 0:00,27538.03,19790.4,75.1,158.49,245.73,1178.72,1942.73,945.06,492.11,540.45,11.7,3291.96,943.45,2364.7,1198.2,HERO MOTOCORP LTD
6,3/31/2016 0:00,28457.12,19357.96,49.86,122.2,210.21,1339.46,2083.71,995.74,447.16,443.25,14.61,4387,1274.71,3141.98,1437.84,HERO MOTOCORP LTD
7,3/31/2017 0:00,28610.43,19019.34,-96.74,112.84,205.67,1432.49,2097.44,1069.94,838.96,502.25,27.28,4885.4,1339.1,3584.27,1697.45,HERO MOTOCORP LTD
8,3/31/2018 0:00,32458.37,21995.94,110.12,139.84,241.07,1583.71,2180.62,1102.26,572.83,574.98,30.8,5292.1,1569.93,3720.4,1897.15,HERO MOTOCORP LTD
9,3/31/2019 0:00,33970.82,23503.46,59.04,158.12,251.2,1778.03,2183.54,1137.08,747.49,624.44,37.18,5104.3,1637.95,3444.09,1737.82,HERO MOTOCORP LTD
10,3/31/2020 0:00,29253.97,20004.29,173.34,132.96,231.91,1889.32,1787.87,1380.15,1502.67,845.76,46.64,4611.08,951.67,3638.11,1797.75,HERO MOTOCORP LTD
1,3/31/2011 0:00,72202.27,46163.6,893.31,3842.1,3825.85,6071.58,3003.62,2285.61,513.33,2734.02,1839.35,3843.18,963.83,2456.37,287.19,HINDALCO INDUSTRIES LTD
2,3/31/2012 0:00,80821.37,50600.08,-663.29,4774.21,4250.99,6401.52,3183.43,2961.54,761.78,2645.17,1757.98,4344.94,786.24,3396.95,296.79,HINDALCO INDUSTRIES LTD
3,3/31/2013 0:00,80192.8,49212.36,666.29,5251.03,5522.38,6751.6,3880.93,2524.68,1093.72,2821.92,2079.11,3908.8,885.74,3026.89,191.48,HINDALCO INDUSTRIES LTD
4,3/31/2014 0:00,87695.49,54114.04,521.88,6724.99,5540.64,7547.13,4029.09,2547,987.06,3346.83,2701.59,2653.12,524.92,2175.01,206.48,HINDALCO INDUSTRIES LTD
5,3/31/2015 0:00,104281.1,66214.57,1237.89,8463.97,5817.56,8126.05,4305.16,4411.49,-168.16,3493.38,4178.42,340.23,256.38,854.21,206.52,HINDALCO INDUSTRIES LTD
6,3/31/2016 0:00,98758.91,58269.19,-1283.05,9221.66,4695.6,8117.08,4185.48,5069.67,1360.35,4346.8,5133.8,-203.07,498.43,-250.74,206.52,HINDALCO INDUSTRIES LTD
7,3/31/2017 0:00,100183.78,58486.74,2828.83,8523.07,4610.48,8568.96,4372.01,6134.59,1197.81,4457.24,5742.44,3314.89,1432.59,1899.74,244.99,HINDALCO INDUSTRIES LTD
8,3/31/2018 0:00,115182.8,70876.04,1991.42,8614.11,4528.22,8669.79,4550.26,6626.98,3265.19,4506.24,3910.73,8157.04,2074.17,6082.92,267.47,HINDALCO INDUSTRIES LTD
9,3/31/2019 0:00,130542,78301,-386,9618,4954,9087,5665,7020,1127,4777,3778,8083,2588,5496,279.72,HINDALCO INDUSTRIES LTD
10,3/31/2020 0:00,118144,68286,17,9695,5050,8892,5285,6822,1081,5091,4197,5924,2157,3767,222,HINDALCO INDUSTRIES LTD
1,,,,,,,,,,,,,,,,,HDFC LIFE INSURANCE COMPANY LTD
2,,,,,,,,,,,,,,,,,HDFC LIFE INSURANCE COMPANY LTD
3,3/31/2013 0:00,14059.84,,,,11339.35,613.21,1327.37,255.39,27.56,35.06,14.63,502.39,55.16,447.23,,HDFC LIFE INSURANCE COMPANY LTD
4,3/31/2014 0:00,17165.59,,,,14756.23,654.46,1436.78,-286.51,241.21,40.71,10.99,794.14,68.83,725.31,99.74,HDFC LIFE INSURANCE COMPANY LTD
5,3/31/2015 0:00,27215.02,,,,23893.31,770.11,1506.43,171.54,78.91,42.72,-14.1,923.92,138.41,785.51,139.64,HDFC LIFE INSURANCE COMPANY LTD
6,3/31/2016 0:00,18140.55,,,,14176.49,859.07,1878.56,273.17,107.68,44.91,8.1,1007.93,191.14,816.79,179.58,HDFC LIFE INSURANCE COMPANY LTD
7,3/31/2017 0:00,30646.61,,,,26061.77,1118.6,2261.96,232.05,138.98,41.24,9.06,1060.91,173.99,886.92,219.83,HDFC LIFE INSURANCE COMPANY LTD
8,3/31/2018 0:00,32259.93,,,,26438.9,1291.77,3178.95,276.27,281.66,44.45,10.76,1300.49,193.29,1107.2,273.6,HDFC LIFE INSURANCE COMPANY LTD
9,3/31/2019 0:00,38857.49,,,,33759.26,1411.08,2330.79,27.6,21.44,45.24,13.94,1291.02,13.09,1277.93,328.83,HDFC LIFE INSURANCE COMPANY LTD
10,3/31/2020 0:00,29729.1,,,,24128.95,1679.04,2529.64,33.79,19.87,46.57,17.06,1313.92,16.48,1297.44,,HDFC LIFE INSURANCE COMPANY LTD
1,3/31/2011 0:00,20043.33,,,,515.45,2977.67,1574.54,3668.44,4584.25,509.11,9425.15,5957.22,1939.53,3992.49,767.63,HDFC BANK LTD
2,3/31/2012 0:00,28193.4,,,,625.76,3573.6,1765.17,4893.42,5992.32,554.16,15106.12,7667.49,2394.09,5247.02,1009.08,HDFC BANK LTD
3,3/31/2013 0:00,35861.02,,,,775.3,4202.56,2115.7,5536.66,7131.92,663.26,19695.45,10004.01,3103.73,6869.64,1308.67,HDFC BANK LTD
4,3/31/2014 0:00,42555.02,,,,798.74,4495.35,2219.66,5993.98,8297.5,688.68,23445.45,13210.66,4446.15,8743.49,1643.35,HDFC BANK LTD
5,3/31/2015 0:00,50666.49,,,,860.21,5163.77,2602.47,7537.36,9545.68,680.45,27288.46,16079.45,5379.4,10688.89,2005.2,HDFC BANK LTD
6,3/31/2016 0:00,63161.56,,,,1041.79,6309.03,3043.15,9660.53,11211.53,738.03,34069.57,19510.99,6693.66,12801.33,2401.79,HDFC BANK LTD
7,3/31/2017 0:00,73271.35,,,,1271.8,8508.22,3328.39,10747.28,12905.08,886.19,38041.58,23392.97,8078.12,15280.48,2818.8,HDFC BANK LTD
8,3/31/2018 0:00,85287.84,,,,1314.97,9197.15,3658.43,15360.53,16055.42,966.78,42381.48,28463.92,9903.08,18510.02,3373.63,HDFC BANK LTD
9,3/31/2019 0:00,105160.74,,,,1283.53,10454.75,3900.17,19217.82,18947.05,1220.67,53712.69,34318.16,11872.55,22332.43,4084.95,HDFC BANK LTD
10,3/31/2020 0:00,122189.29,,,,1293.44,12924.1,4192.15,27049.52,24878.97,1276.77,62137.42,38194.86,10898.59,27253.95,1370.82,HDFC BANK LTD
1,3/31/2011 0:00,21550.23,4633.84,159.18,4364.25,1473.98,1267.97,4124.63,849.32,399.1,1138.37,406.75,3849.4,954.21,2279.01,183.4,GRASIM INDUSTRIES LTD
2,3/31/2012 0:00,25244.89,5543.64,85.82,5460.52,1691.24,1414.06,5028.32,613.87,741.54,1154.41,313.99,4852.2,1320.77,2647.46,206.35,GRASIM INDUSTRIES LTD
3,3/31/2013 0:00,27909.34,6367.91,196.25,5603.83,1955.98,1709.99,5805.89,738.38,823.94,1252.06,324.14,5171.35,1467.21,2704.39,206.5,GRASIM INDUSTRIES LTD
4,3/31/2014 0:00,28330.85,7388.72,-45.35,5674.79,2293.31,1877.49,6423.61,-287.19,576.25,1457.48,447.32,3586.22,734.79,2071.54,192.84,GRASIM INDUSTRIES LTD
5,3/31/2015 0:00,31734.32,8586.9,159.61,6452.71,2445.45,2167.3,7453.85,-347.28,538.96,1563.22,667.39,3443.35,1015.92,1743.8,165.35,GRASIM INDUSTRIES LTD
6,3/31/2016 0:00,34487.47,9034.05,31.84,6013.7,2495.4,2157.44,7517.96,924.16,854.62,1833.79,718.09,4679.34,1224.6,2468.14,210.06,GRASIM INDUSTRIES LTD
7,3/31/2017 0:00,36068.4,9313.26,-161.75,5795.41,2635.21,2265.59,7504.55,1007.5,1077.17,1807.59,702.4,5952.31,1706.7,3167.3,256.77,GRASIM INDUSTRIES LTD
8,3/31/2018 0:00,55893.5,12695.6,84.95,8631.29,7160.42,3992.47,9517.31,2769.02,809.93,2724.36,3663.17,5634.74,1947.12,2678.58,407.59,GRASIM INDUSTRIES LTD
9,3/31/2019 0:00,77200.25,16768.13,79.89,12423.45,10143.46,5428.21,13525.14,2510.85,-1686.03,3571.38,6060.03,5163.46,2418.72,1692.99,460.36,GRASIM INDUSTRIES LTD
10,3/31/2020 0:00,77625.1,16087.91,525.9,11436.68,10474.35,5864.53,13345.13,3557.91,229.48,4040.82,6926.32,6646.83,-30.65,4425.19,263.14,GRASIM INDUSTRIES LTD
1,3/31/2011 0:00,25765.08,,,13.04,17.53,371.47,195.58,12025.87,27.55,48.92,7876.07,5244.15,1539.32,4528.41,1320.16,HOUSING DEVELOPMENT FINANCE CORPORATION LTD
2,3/31/2012 0:00,30275.78,,,14.24,19.54,449,227.87,11772.92,27.08,50.64,11551.92,6216.73,1726.96,5462.51,1624.64,HOUSING DEVELOPMENT FINANCE CORPORATION LTD
3,3/31/2013 0:00,35948.18,,,17.3,54.73,532.8,243.11,13321.99,38.75,54.2,14295.52,7467.28,2002.03,6639.72,1932.94,HOUSING DEVELOPMENT FINANCE CORPORATION LTD
4,3/31/2014 0:00,40753.17,,,20.55,62.7,602.51,293.45,14334.76,61.39,46.85,16607.89,8845.85,2358.34,7947.82,2184.7,HOUSING DEVELOPMENT FINANCE CORPORATION LTD
5,3/31/2015 0:00,48315.69,,,21.18,70.16,706.39,322.24,18396.52,74.34,46.63,18710.29,10116.62,3165.7,8762.62,2362.05,HOUSING DEVELOPMENT FINANCE CORPORATION LTD
6,3/31/2016 0:00,53222.93,,,23.76,84.57,796.8,473.1,19849.79,34.18,120.52,20295.6,11612.97,3639.34,10190.26,2685.74,HOUSING DEVELOPMENT FINANCE CORPORATION LTD
7,3/31/2017 0:00,61034.35,,,25.1,93.35,923.35,546.26,24788.89,53.28,107.98,21953.15,12649.55,4020.79,11051.12,2859.57,HOUSING DEVELOPMENT FINANCE CORPORATION LTD
8,3/31/2018 0:00,79473.86,,,26.98,287.44,3406.21,2419.3,38573.84,6282.1,116.48,24718.46,16207.25,3096.04,11979.9,3351.8,HOUSING DEVELOPMENT FINANCE CORPORATION LTD
9,3/31/2019 0:00,95693.52,,,28.91,44590.35,2980.37,2723.37,1495.93,7891.17,141.47,29525.33,22098.96,4518.45,16231.76,3615.04,HOUSING DEVELOPMENT FINANCE CORPORATION LTD
10,3/31/2020 0:00,101725.71,,,30.52,40799.89,1371.09,413.71,6367.98,5816.29,256.11,32109.45,26193.25,3366.78,21434.57,3637.3,HOUSING DEVELOPMENT FINANCE CORPORATION LTD
1,6/30/2011 0:00,15730.43,,83.71,158.72,2595.31,8589.6,1815.51,199.48,299.65,459.69,160.37,2135.11,488.48,1646.51,516.52,HCL TECHNOLOGIES LTD
2,6/30/2012 0:00,20830.55,684.83,72.84,193.05,511.52,11104.55,4298.39,415.88,206.5,549.24,142.63,3209.8,782.72,2422.7,831.96,HCL TECHNOLOGIES LTD
3,6/30/2013 0:00,25581.06,975.46,16.12,228.58,3317.67,12574.17,2238.12,602.02,351.11,636.76,105.62,5269.89,1225.31,4040.09,836.22,HCL TECHNOLOGIES LTD
4,6/30/2014 0:00,32143.66,920.92,-108.06,241.99,4919.96,14906.36,2602.09,408.99,677.4,680.86,114.5,7917.33,1409.57,6509.51,700,HCL TECHNOLOGIES LTD
5,6/30/2015 0:00,36701.22,1306.38,35.65,264.88,5860.79,17726.43,2853.17,252.64,1139.46,403.75,91.23,9117.06,1815.11,7317.07,4218,HCL TECHNOLOGIES LTD
6,3/31/2016 0:00,31135.94,812.73,108.75,210.53,5632.96,15203.25,2205.52,526.15,870.89,409.86,73.9,7040.68,1439,5602.43,2256.64,HCL TECHNOLOGIES LTD
7,3/31/2017 0:00,47568,826,11,307,9286,22866,2988,922,1075,828,89,10542,1936,8606,3420,HCL TECHNOLOGIES LTD
8,3/31/2018 0:00,50569,1251,-104,313,9388,24729,2810,728,1230,1383,69,11024,2302,8721,1668,HCL TECHNOLOGIES LTD
9,3/31/2019 0:00,60427,1615,-81,336,10862,29283,3519,805,943,2073,174,12622,2502,10120,1084,HCL TECHNOLOGIES LTD
10,3/31/2020 0:00,70676,1536,,307,12324,34928,3050,1215,589,3420,505,13980,2923,11057,2715,HCL TECHNOLOGIES LTD
1,3/31/2011 0:00,35069.82,24281.96,133.05,1783.87,1074.95,817.99,670.34,11.95,492.99,877.99,377.86,5798.95,1818.1,4020.97,951.36,GAIL (INDIA) LTD
2,3/31/2012 0:00,44093.18,32102.49,497.76,1905.31,1279.63,806.48,797.24,660.14,722.21,1040.59,366.43,6354.84,1954.01,4443.61,1103.58,GAIL (INDIA) LTD
3,3/31/2013 0:00,50973.73,38077.96,57.79,1753.36,1571.88,979.25,820.59,401.32,886.69,1318.69,437.31,6557.85,2241.18,4373.6,1217.74,GAIL (INDIA) LTD
4,3/31/2014 0:00,61764.56,48604.32,626.45,1921.48,1336.97,1042.56,1121.8,378.94,1250.41,1644.22,668.71,6922.42,2194.83,4786.22,1319.22,GAIL (INDIA) LTD
5,3/31/2015 0:00,60557.37,47884.99,-231.63,2073.51,2510.08,1109.75,1032.44,80.11,941.9,1432.57,651.83,4492.36,1420.92,3160.05,761.09,GAIL (INDIA) LTD
6,3/31/2016 0:00,52052.51,41757.9,-412.08,2023.13,901.89,987.7,953.83,487.14,737.47,1495.6,821.83,2948.88,1091.34,1869.22,697.66,GAIL (INDIA) LTD
7,3/31/2017 0:00,48551.72,36429.92,-42.29,1912.39,882.94,1398.11,749.19,1121.89,1218.3,1541.07,508.94,5183.28,1809.36,3368.16,1894.26,GAIL (INDIA) LTD
8,3/31/2018 0:00,54496.35,40862.1,34.08,2142.94,856.6,1490.79,852.69,529.54,953.93,1526.89,294.91,6927.9,2122.85,4799.07,2050.76,GAIL (INDIA) LTD
9,3/31/2019 0:00,76189.89,59887.81,547.61,2661.7,1004.72,2001.93,876.22,398.6,1750.51,1666.64,159.2,9831.19,3278.42,6545.74,1608.99,GAIL (INDIA) LTD
10,3/31/2020 0:00,72508.42,57290.1,427.99,2535.8,1071.72,1793.17,998.13,234.44,3804.99,2080.16,308.94,10428.94,914.3,9422.05,2886.49,GAIL (INDIA) LTD
1,12/31/2010 0:00,4397.08,3391.21,66.74,29.05,49.68,263.11,331.97,51.68,137.35,57.3,9.5,417.67,110.82,188.92,29.63,EICHER MOTORS LTD
2,12/31/2011 0:00,5684.42,4186.4,68.54,35.03,85.04,345.56,431.17,80.41,142.48,63.96,7.67,660.2,162.8,308.77,43.18,EICHER MOTORS LTD
3,12/31/2012 0:00,6389.89,4628.37,41.07,46.11,106.23,457.26,543.51,100.46,136.64,82.17,3.79,599.7,124.85,324.26,54,EICHER MOTORS LTD
4,12/31/2013 0:00,6809.8,4658.25,17.83,61.45,126.8,533.34,583.03,151.57,95.29,130.04,7.88,670.56,145.18,393.94,81.12,EICHER MOTORS LTD
5,12/31/2014 0:00,8738.32,5855.79,84.72,74.07,171.82,659.64,674.42,272.52,107.44,219.82,9.78,992.62,290.88,615.36,135.5,EICHER MOTORS LTD
6,3/31/2016 0:00,6173.46,3497.73,62.05,46.18,173.76,350.21,397.4,80.56,325.97,136.6,2.12,1876.92,538.88,1338.04,271.6,EICHER MOTORS LTD
7,3/31/2017 0:00,7033.36,3725.72,19.61,46.02,173.09,426.28,412.25,95.42,416.56,153.81,3.56,2433.38,720.3,1667.08,272.1,EICHER MOTORS LTD
8,3/31/2018 0:00,8964.96,4679.07,33.87,52.41,210.76,573.68,565.66,108.91,535.95,223.3,5.34,3115.65,935.93,1959.67,299.86,EICHER MOTORS LTD
9,3/31/2019 0:00,9797.06,5269.64,210.16,66.96,263.49,702.44,654.82,145.83,700.86,300.28,7.33,3297.29,1077.04,2202.73,341,EICHER MOTORS LTD
10,3/31/2020 0:00,9153.58,4914.58,-84.09,62.86,256.58,795.78,667.16,189.91,572.69,381.54,18.88,2354.89,527.45,1827.44,341.25,EICHER MOTORS LTD
1,3/31/2011 0:00,7435.2,2193.9,164.5,183.3,478.2,1280.1,1729.5,173.8,52.3,398.1,32.3,1182.8,183.9,998.9,190.35,DR REDDY'S LABORATORIES LTD
2,3/31/2012 0:00,9814.5,2667.5,152.6,225.9,695.2,1596.7,2132.9,224.2,11.9,518.1,114.1,1804.4,503.5,1300.9,233.2,DR REDDY'S LABORATORIES LTD
3,3/31/2013 0:00,11832.6,3622.3,168.5,335.4,649.8,1934.7,2525.7,267.9,149.9,550.2,100.3,2164.7,637.9,1526.8,254.7,DR REDDY'S LABORATORIES LTD
4,3/31/2014 0:00,13415.3,3580.5,319.6,319.9,1028,2483.4,2793.4,278.9,169.7,647.5,126.7,2646.3,683.1,1963.2,306.36,DR REDDY'S LABORATORIES LTD
5,3/31/2015 0:00,15023.3,3842.2,55.8,339.1,1038.6,2952.6,3100.3,312.7,274.1,759.9,108.2,2899.6,563.2,2336.4,340.8,DR REDDY'S LABORATORIES LTD
6,3/31/2016 0:00,15568.3,3854.2,95.7,315.2,1027.7,3125.2,2999.2,757.2,295,938.9,82.6,2858.8,751.1,2130.6,341.2,DR REDDY'S LABORATORIES LTD
7,3/31/2017 0:00,14196.1,3819.8,123.3,330.1,852.1,3114.2,3279.7,451.3,171.5,1026.6,63.4,1553.7,296.5,1292.1,331.6,DR REDDY'S LABORATORIES LTD
8,3/31/2018 0:00,14281,4081,41.5,329.3,1746.5,3221,2100,493.5,155.2,1077.2,78.8,1350.4,438,946.8,332,DR REDDY'S LABORATORIES LTD
9,3/31/2019 0:00,15448.2,4770.2,275.4,329.1,1434.8,3364.2,2227.3,419.8,381.3,1134.8,88.9,2335.8,385.8,1950,332,DR REDDY'S LABORATORIES LTD
10,3/31/2020 0:00,17517,5530.7,-23.7,314.8,1445.4,3391,2173.4,2160.9,670,1163.1,98.3,1885.7,-140.3,2026,415.5,DR REDDY'S LABORATORIES LTD
1,3/31/2011 0:00,58166.85,5272.82,1214.97,1749.48,5437.11,20233.59,11092.16,2168.63,4876.35,1765.4,75.75,16463.23,5595.88,10867.35,2463.38,COAL INDIA LTD
2,3/31/2012 0:00,72424.07,5504.07,381.04,2012.52,3385.68,26705.02,16159.26,3738.19,7997.66,1969.22,56.16,21272.65,6484.45,14788.2,6316.36,COAL INDIA LTD
3,3/31/2013 0:00,68302.74,6062.11,-493.92,2333.48,3833.31,27943.21,4681.13,4897.98,8780.86,1812.97,46.46,24979.03,7622.67,17356.36,8842.9,COAL INDIA LTD
4,3/31/2014 0:00,70607.52,7022.05,-92.65,2282.23,7876.34,27914.4,2718.39,5047.4,7280.77,1996.41,58.89,22879.53,7767.9,15111.67,18317.44,COAL INDIA LTD
5,3/31/2015 0:00,74120.07,7256.44,530.48,2347.28,9770.94,29874.12,2816.96,5248.28,6576.27,2319.8,9.09,21583.91,7857.3,13726.7,13074.87,COAL INDIA LTD
6,3/31/2016 0:00,105083.49,7039.76,1444.22,2490.54,12370.09,30126.78,31596.15,4191.6,5940.58,2825.91,387.67,21439.79,7171.87,14266.78,17306.83,COAL INDIA LTD
7,3/31/2017 0:00,78163.6,,1238.38,2546.45,20624.08,33522.88,3962.63,6302.66,5320.23,2906.75,410.44,14446.32,5164.79,9280.02,12352.75,COAL INDIA LTD
8,3/31/2018 0:00,85244.24,,-1679.46,2516.42,21077.21,42621.84,3383.99,4677.09,4974.88,3062.7,430.1,10770.31,3732.31,7038.56,10242.23,COAL INDIA LTD
9,3/31/2019 0:00,99585.61,,-856.24,2443.08,22274.92,38772.85,3681.45,6550.29,5834.13,3450.36,263.68,27126.87,9662.45,17463.07,8073.18,COAL INDIA LTD
10,3/31/2020 0:00,96080.34,60.8,1042.62,2487.32,22456.96,39384.08,3544.98,7268.59,6104.85,3450.84,502.92,24071.32,7370.98,16714.19,7395.28,COAL INDIA LTD
1,3/31/2011 0:00,1316.55,497.8,-24.58,62.65,37.66,117.31,65.12,10.51,27.12,53.4,2.26,472.38,43.11,429.27,132.6,DIVI'S LABORATORIES LTD
2,3/31/2012 0:00,1864.04,786.56,9.41,86.13,50.17,150.93,96.59,11.81,56.05,62.08,4.61,680.62,147.36,533.26,172.58,DIVI'S LABORATORIES LTD
3,3/31/2013 0:00,2144.84,900.93,102.3,131.02,78.72,197.79,102.72,19.99,44.81,76.95,2.59,781.24,179.23,602.01,199.12,DIVI'S LABORATORIES LTD
4,3/31/2014 0:00,2532.14,1036.87,122.72,147.4,93.41,232.51,103.2,23.62,68.14,92.12,2.96,990.91,217.58,773.34,265.5,DIVI'S LABORATORIES LTD
5,3/31/2015 0:00,3114.94,1452.84,239.6,170.82,116.78,290.67,129.07,21.01,37.61,136,2.88,1072.08,220.55,851.52,265.5,DIVI'S LABORATORIES LTD
6,3/31/2016 0:00,3776.36,1478.71,-25.37,180.34,128.01,361.4,133.97,46.7,93.91,118.18,4.74,1392.85,267.06,1125.78,265.45,DIVI'S LABORATORIES LTD
7,3/31/2017 0:00,4064.34,1608.36,40.82,198.8,120.99,500.06,154.1,74.18,73.36,123.33,3.36,1395.34,334.92,1060.42,265.45,DIVI'S LABORATORIES LTD
8,3/31/2018 0:00,3891.49,1567.94,-3.33,228.73,134.6,456.45,200.09,31.42,107.26,142.49,2.37,1231.33,354.32,877.01,265.45,DIVI'S LABORATORIES LTD
9,3/31/2019 0:00,4946.26,2169.72,304.59,248.78,160.96,542.78,175.19,79.98,155.21,168.9,4.68,1855.07,502.33,1352.74,424.72,DIVI'S LABORATORIES LTD
10,3/31/2020 0:00,5394.42,2256.99,105.98,280.73,203.73,622.36,226.92,86.46,189.63,186.24,7.14,1819.46,442.92,1376.54,424.72,DIVI'S LABORATORIES LTD
1,3/31/2011 0:00,6323.84,2914.05,138.87,198.55,601.47,565.67,701.77,107.42,87.14,273.33,25.1,1162.49,195.36,989.57,224.81,CIPLA LTD
2,3/31/2012 0:00,7020.71,2733.65,-5.65,235.35,546.88,772.59,873.67,157.77,103.22,312.22,38.34,1447.81,306.51,1144.24,160.58,CIPLA LTD
3,3/31/2013 0:00,8279.33,3243.21,290.6,233.12,498.37,1036.12,1006.14,355.12,261.91,330.48,33.91,2095.37,544.31,1544.85,160.58,CIPLA LTD
4,3/31/2014 0:00,10173.39,3939.08,64.25,218.63,538.58,1543.09,1434.09,425.09,259.34,372.64,145.74,1880.04,463.38,1388.41,160.58,CIPLA LTD
5,3/31/2015 0:00,11345.44,4533.92,344.22,228.28,706.06,1973.86,1600.96,484.88,165.55,504.71,168.29,1654.25,400.03,1180.77,160.59,CIPLA LTD
6,3/31/2016 0:00,13790.1,5026.31,-63.55,245.92,1000.01,2436.43,1901.58,636.63,208.21,754.22,206.63,1727.03,331.59,1359.99,160.68,CIPLA LTD
7,3/31/2017 0:00,14394.29,5206.16,-110.96,251.73,912.5,2640.82,2150.79,645.54,228.69,1322.93,159.38,1222.17,179.76,1006.39,160.9,CIPLA LTD
8,3/31/2018 0:00,15155.71,5671.36,232.94,298.82,952.02,2699.32,2344.76,673.51,357.65,1322.82,114.23,1669.46,250.11,1410.53,241.53,CIPLA LTD
9,3/31/2019 0:00,16362.41,5737.45,-47.04,335.11,928.08,2866.09,2725.09,626.24,476.57,1326.31,168.43,2079.14,569.53,1527.7,241.71,CIPLA LTD
10,3/31/2020 0:00,17131.99,6236.18,244.76,327.43,1017.51,3036.41,2886.29,666.94,344.2,1174.65,197.36,2178.18,631.2,1546.52,322.5,CIPLA LTD
1,3/31/2011 0:00,59601.8,816.9,,,25448.1,3278.4,9696.1,198,255.4,10206.6,2534.9,7678.2,1779,5751.7,379.76,BHARTI AIRTEL LTD
2,3/31/2012 0:00,71505.8,938.9,,,31605.8,3515.9,11305.8,434.5,264.3,13368.1,4082.8,6518.3,2260.2,4256.8,379.76,BHARTI AIRTEL LTD
3,3/31/2013 0:00,76947,783.4,,,35304.6,3882.3,13229.8,489,860.9,14814.8,4518.7,4785.3,2518.4,2258.1,379.76,BHARTI AIRTEL LTD
4,3/31/2014 0:00,85863.5,472.8,,,38509.6,4622.8,13708.9,1613.6,2456.9,15649.6,5878.8,7864.3,4844.9,2772.7,719.53,BHARTI AIRTEL LTD
5,3/31/2015 0:00,96100.7,774.4,494.8,8439.8,30935.6,4857,16459.6,2380.3,2095.8,19858.3,4446.5,10539.8,5486.7,4620.8,1539,BHARTI AIRTEL LTD
6,3/31/2016 0:00,96532.1,,,6904.9,34292.2,4910.8,10258.8,7960,6636.8,17449.8,8546.1,12846.3,5953.3,6076.7,543.65,BHARTI AIRTEL LTD
7,3/31/2017 0:00,95468.3,,,7294.6,34082.7,4303.2,8626.8,7011,2892.9,19773,9546.6,7723.3,3481.9,3799.8,399.74,BHARTI AIRTEL LTD
8,3/31/2018 0:00,82638.8,,,6908.2,30443.6,3977.1,6023.1,5660.4,2209.2,19243.1,9325.5,3267,1083.5,1099,2134.61,BHARTI AIRTEL LTD
9,3/31/2019 0:00,80780.2,,,8043.6,31849.8,3797.5,5337.7,6978.7,5465,21347.5,10622.2,-1731.8,-3419.3,409.5,999.35,BHARTI AIRTEL LTD
10,3/31/2020 0:00,87539,,,9124.9,29935.1,3807.2,4643.2,3891.4,-37302.3,27689.6,13991.8,-42846.5,-12182.3,-32183.2,1091.12,BHARTI AIRTEL LTD
1,3/31/2011 0:00,2415.27,,,5.19,7.38,178.87,159.57,264.3,168.37,18.52,301.14,1648.67,177.7,1114.84,18.08,BAJAJ FINSERV LTD
2,3/31/2012 0:00,2714.62,,,4.8,7.78,265.87,282.69,359.2,1190.16,14.12,744.1,2226.22,336.47,1337.77,21.7,BAJAJ FINSERV LTD
3,3/31/2013 0:00,8055.15,,,8.89,8.83,335.8,303.14,3467.17,2.06,21.69,1203.58,2708.11,493.94,1573.64,23.87,BAJAJ FINSERV LTD
4,3/31/2014 0:00,6022.6,,,,8.89,445.75,365.18,711.39,2.97,30.88,1561.87,2901.61,710.49,1544.27,27.85,BAJAJ FINSERV LTD
5,3/31/2015 0:00,11334.79,,,,20.07,580.39,470.74,4747.61,2.84,38.15,2229.58,3251.09,841.94,1689.79,27.85,BAJAJ FINSERV LTD
6,3/31/2016 0:00,20533.28,,,,22.98,771.22,521.25,12479.2,0.09,57.72,2876.95,3804.05,1029.51,1863.27,27.85,BAJAJ FINSERV LTD
7,3/31/2017 0:00,24507.3,,,,27.13,1003.97,661.03,14102.01,0.28,72.63,3716.28,4924.53,1474.82,2261.92,27.85,BAJAJ FINSERV LTD
8,3/31/2018 0:00,32862.46,,,,1400.74,2749.4,1822.37,16101.84,1.49,159.89,4531,6098.71,1922.36,2650.26,27.85,BAJAJ FINSERV LTD
9,3/31/2019 0:00,42605.4,,,40.9,19290.57,3807.61,2125.92,2303.7,1.53,226.09,6657.4,8154.74,2780.89,3219.04,39.78,BAJAJ FINSERV LTD
10,3/31/2020 0:00,54351.37,,,9.6,23739.27,4763.12,2838.74,4743.34,0.76,456.79,9499.61,8301.66,2308.06,3369.13,79.57,BAJAJ FINSERV LTD
1,3/31/2011 0:00,4609.38,3043.29,15.68,56.54,319.89,177.49,663.96,127.21,59.01,64.91,43.63,187.15,52.94,134.35,77.64,BRITANNIA INDUSTRIES LTD
2,3/31/2012 0:00,5485.37,3546.8,14.03,72.87,393.22,211.15,786.52,177.97,59.14,61.83,41.6,266.58,66.85,199.55,101.53,BRITANNIA INDUSTRIES LTD
3,3/31/2013 0:00,6185.41,3869.02,7.67,91.01,467.67,226.75,920.63,197.36,52.24,73.15,41.3,358.43,98.55,259.5,101.62,BRITANNIA INDUSTRIES LTD
4,3/31/2014 0:00,6912.71,4182.53,11.51,110.72,509.95,262.66,1030.89,200.27,33.59,83.18,8.29,569.32,173.58,395.35,143.94,BRITANNIA INDUSTRIES LTD
5,3/31/2015 0:00,7858.42,4722.21,30.4,110.96,555.68,294.44,1129.07,226.41,247.88,144.48,3.86,949.59,261.11,688.64,191.92,BRITANNIA INDUSTRIES LTD
6,3/31/2016 0:00,8397.23,5016.99,4.27,95.16,510.15,341.36,956.77,257.5,115.17,113.41,4.87,1220.46,396.1,824.58,240,BRITANNIA INDUSTRIES LTD
7,3/31/2017 0:00,9054.09,5642.88,54.2,104.28,509.93,352.61,915.01,305.4,150.54,119.27,5.45,1304,419.67,884.47,264,BRITANNIA INDUSTRIES LTD
8,3/31/2018 0:00,9913.99,6100.8,-6.3,128.83,487.59,401.6,953.48,333.92,166.37,142.07,7.59,1518.18,514.22,1004.23,300.12,BRITANNIA INDUSTRIES LTD
9,3/31/2019 0:00,11054.67,6616.64,55.18,175.17,621.32,441.82,1107.49,414.96,206.45,161.88,9.09,1767.93,612.47,1159.12,360.45,BRITANNIA INDUSTRIES LTD
10,3/31/2020 0:00,11599.55,6874.9,-52.57,177.7,610.68,486.69,1125.23,428.71,262.94,184.81,76.9,1844.3,450.7,1402.63,841.75,BRITANNIA INDUSTRIES LTD
1,,,,,,,,,,,,,,,,,BAJAJ FINANCE LTD
2,,,,,,,,,,,,,,,,,BAJAJ FINANCE LTD
3,,,,,,,,,,,,,,,,,BAJAJ FINANCE LTD
4,,,,,,,,,,,,,,,,,BAJAJ FINANCE LTD
5,3/31/2015 0:00,5392.27,,,,,452.32,570.57,728.87,25.75,35.6,2273.71,1356.95,459.07,897.88,90,BAJAJ FINANCE LTD
6,3/31/2016 0:00,7298.65,,,,,631.9,679.78,1041.84,34.66,56.34,2958.77,1964.68,686.05,1278.63,133.88,BAJAJ FINANCE LTD
7,3/31/2017 0:00,9970.04,,,,,934.14,787.34,1528.9,21.89,71.17,3852.97,2817.41,981.03,1836.38,196.87,BAJAJ FINANCE LTD
8,3/31/2018 0:00,12746.27,,,,,1437.07,1405.75,1272.03,10.2,102.07,4696.11,3843.44,1347.07,2496.37,230.06,BAJAJ FINANCE LTD
9,3/31/2019 0:00,18487.14,,,,769.37,1942.7,959.41,1782.73,13.04,144.15,6722.66,6179.16,2184.17,3994.99,346.11,BAJAJ FINANCE LTD
10,3/31/2020 0:00,26375.45,,,,1142.13,2554.74,1102.76,4359.29,7.89,294.63,9607.67,7322.12,2058.37,5263.75,599.95,BAJAJ FINANCE LTD
1,3/31/2011 0:00,153764.91,141426.3,2029.46,478,979.8,2905.35,4210.06,1144.64,1336.25,1891.36,1265.62,2829.49,1087.43,1634.96,567.62,BHARAT PETROLEUM CORPORATION LTD
2,3/31/2012 0:00,212139.56,196197.01,1269.66,845.93,1096.13,2428.06,5117.11,2806.5,1350.84,2410.83,2259.06,1599.43,748.15,780.83,426.62,BHARAT PETROLEUM CORPORATION LTD
3,3/31/2013 0:00,242180.98,222532.48,1056.65,1028.11,1392.29,2894.52,5438.55,3087.12,1336.69,2462.7,2518.29,3220.26,1284.11,1880.83,795.39,BHARAT PETROLEUM CORPORATION LTD
4,3/31/2014 0:00,264421.06,241127.72,1977.74,1343.52,1501.97,3115.26,6456.73,3439.18,1344.32,2610.92,1982.14,6165.68,2112.7,3910.68,1229.24,BHARAT PETROLEUM CORPORATION LTD
5,3/31/2015 0:00,242598.5,212339.34,-4351.45,1940.21,2061.29,2349.85,7191.01,2584.89,2117.16,3026.68,1180.47,7690.47,2608.46,4806.57,1626.93,BHARAT PETROLEUM CORPORATION LTD
6,3/31/2016 0:00,187814.6,157769.77,-1304.82,1781.07,6685.45,2962.06,2297.12,2043.23,1912.87,2071.87,680.49,12131.59,4042.72,8088.87,2032.42,BHARAT PETROLEUM CORPORATION LTD
7,3/31/2017 0:00,201250.66,177243.33,5832.38,1483.97,6987.82,3669.52,2077.76,1837.84,2720.81,2107.64,696.36,13699.61,4192.64,8720.94,4261.56,BHARAT PETROLEUM CORPORATION LTD
8,3/31/2018 0:00,235895.11,201908.35,-203.35,1935.49,7760.76,3748.53,2820.18,2201,2926.81,2885,1185.74,14173.52,4381.61,9008.63,4130.45,BHARAT PETROLEUM CORPORATION LTD
9,3/31/2019 0:00,298225.59,262748.71,1606.26,2396.38,8890.18,3984.03,3175.96,3524.36,2974.86,3417.77,1763.95,12905.37,4377.52,7802.3,3737.07,BHARAT PETROLEUM CORPORATION LTD
10,3/31/2020 0:00,284571.9,253665.2,1073.07,2966.87,9073.29,4020.51,2318.4,5207.59,1975.56,4080.09,2637.01,3651.57,-14.21,3055.36,3245.35,BHARAT PETROLEUM CORPORATION LTD
1,3/31/2011 0:00,16407.62,11901.35,98.19,86.79,167.27,502.53,560.72,128.68,1405.78,123.89,2.39,4437.97,1006.29,3454.89,1157.48,BAJAJ AUTO LTD
2,3/31/2012 0:00,19582.1,14211.67,85.65,102.09,226.04,551.35,710.52,185.33,501.83,146.73,22.79,4013.06,1019.66,3048.62,1302.16,BAJAJ AUTO LTD
3,3/31/2013 0:00,20025.24,14401.19,-32.35,121.57,261.26,651.29,742.47,166.63,797.13,167.81,1.19,4276.61,1228.52,3132.69,1302.16,BAJAJ AUTO LTD
4,3/31/2014 0:00,20136.94,13895.8,12.57,106.37,530.42,733.18,534.95,193.59,681.81,181.32,0.82,4654.87,1420.47,3380.28,1446.85,BAJAJ AUTO LTD
5,3/31/2015 0:00,21595.44,14907.89,56.46,114.8,655.78,901.3,707.58,432.38,424.73,267.46,6.49,4082.95,1271.05,3025.63,1446.85,BAJAJ AUTO LTD
6,3/31/2016 0:00,22573.69,14993.41,-63.45,120.66,644.19,920.01,795.66,248.4,1199.19,307.16,1.05,5678.89,1617.65,4061.24,1591.54,BAJAJ AUTO LTD
7,3/31/2017 0:00,21754.72,14667.83,43.68,96.46,547.54,999.83,699.73,363.47,1472.7,307.29,1.4,5587.55,1508.07,4079.49,1591.54,BAJAJ AUTO LTD
8,3/31/2018 0:00,25209.93,17400.41,-9.68,100.26,550.16,1072.59,852.82,391.19,1416.7,314.8,1.31,5933.41,1714.47,4218.95,1736.22,BAJAJ AUTO LTD
9,3/31/2019 0:00,30357.63,21854.1,56.42,115.01,633.99,1260.32,940.92,420.2,2036.24,265.69,4.48,6955.58,2027.98,4927.61,1736.22,BAJAJ AUTO LTD
10,3/31/2020 0:00,29918.65,21071.29,63.01,116.57,698.83,1395,1020.98,583.35,1846.08,246.43,3.16,6692.13,1480.22,5211.91,3472.44,BAJAJ AUTO LTD
1,3/31/2011 0:00,2000.11,,,118.31,421.17,80.42,40.96,39.84,110.03,238.76,167.1,1003.58,87.41,918.15,180.31,ADANI PORTS & SPECIAL ECONOMIC ZONE LTD
2,3/31/2012 0:00,2697.26,,,202.65,481.97,110.47,71.03,85.48,33.98,315.93,281.46,1182.25,89.57,1102.07,200.34,ADANI PORTS & SPECIAL ECONOMIC ZONE LTD
3,3/31/2013 0:00,3576.63,,,226.22,697.07,131.37,87.31,-26.62,264.44,421.97,541.84,1761.91,123.08,1623.22,200.34,ADANI PORTS & SPECIAL ECONOMIC ZONE LTD
4,3/31/2014 0:00,4829.61,,,308.05,1206.82,162.37,123.48,109.68,684.77,649.48,976.76,1977.74,236.74,1739.64,207,ADANI PORTS & SPECIAL ECONOMIC ZONE LTD
5,3/31/2015 0:00,6151.98,,,379.43,1305.72,237.96,175.45,151.11,685.64,911.68,1175.06,2501.21,176.72,2314.33,227.71,ADANI PORTS & SPECIAL ECONOMIC ZONE LTD
6,3/31/2016 0:00,7108.65,,,375.3,1504.59,276.8,186.32,191.61,732.67,1062.96,1124.3,3119.44,282.81,2897.16,227.8,ADANI PORTS & SPECIAL ECONOMIC ZONE LTD
7,3/31/2017 0:00,8439.35,111.02,,397.42,1708.71,384.04,251.68,171.79,1040.11,1160.19,1115.74,4178.87,286.63,3911.52,269.22,ADANI PORTS & SPECIAL ECONOMIC ZONE LTD
8,3/31/2018 0:00,11322.96,129.87,,419.41,2736.3,448.15,320.68,146.52,879.13,1188.37,1578.66,5234.13,1544.18,3673.62,414.19,ADANI PORTS & SPECIAL ECONOMIC ZONE LTD
9,3/31/2019 0:00,10925.44,140.43,,565.51,2116.21,530.55,385.67,591.43,1289.25,1373.48,1385.19,5126.22,1081.47,3990.22,41.42,ADANI PORTS & SPECIAL ECONOMIC ZONE LTD
10,3/31/2020 0:00,11873.07,155.04,,612.94,2398.83,547.66,415.23,1796.26,1790.23,1680.28,1813.14,4243.92,459.39,3763.13,650.16,ADANI PORTS & SPECIAL ECONOMIC ZONE LTD
1,3/31/2011 0:00,7402.91,3906.17,151.43,77.19,845.13,456.05,1480.36,-541.43,67.98,113.13,25.98,1259.74,378.39,843.24,306.94,ASIAN PAINTS LTD
2,3/31/2012 0:00,9231.25,5117.61,172.95,87.41,985.76,529.67,1855.87,-683.3,107.41,121.13,43.38,1454.08,433.5,988.73,383.68,ASIAN PAINTS LTD
3,3/31/2013 0:00,10503.91,5636.23,149.56,114.71,1107.31,627.59,2273.91,-843.67,114.48,154.6,42.06,1655.21,495.69,1113.88,441.23,ASIAN PAINTS LTD
4,3/31/2014 0:00,12220.37,6339.75,90.28,133.74,1292.18,763.59,2826.43,-1038.74,134.22,245.66,47.99,1834.27,571.51,1218.81,508.38,ASIAN PAINTS LTD
5,3/31/2015 0:00,13615.26,8119.54,148.07,130.68,259.76,936.86,3370.79,-1269.62,169.71,265.92,42.24,2076.87,649.54,1395.15,585.11,ASIAN PAINTS LTD
6,3/31/2016 0:00,14271.49,7850.32,-199.33,114.48,254.73,994.98,3946.74,-1814.13,213.39,275.58,49,2613.85,844.49,1745.16,719.4,ASIAN PAINTS LTD
7,3/31/2017 0:00,15061.99,7452.6,528.6,106.02,1662.75,1039.89,4364.04,-2028.47,337.9,334.79,37.33,2959.54,943.29,1939.43,987.98,ASIAN PAINTS LTD
8,3/31/2018 0:00,16824.55,8128.17,-142.13,110.3,1691.68,1121.89,2254.92,171.45,336.41,360.47,41.47,3138.48,1040.96,2038.93,834.5,ASIAN PAINTS LTD
9,3/31/2019 0:00,19240.13,9974.4,293.26,119.63,1862.35,1242.69,2366.87,202.51,273.77,622.14,110.47,3306.1,1098.06,2155.92,1007.16,ASIAN PAINTS LTD
10,3/31/2020 0:00,20211.25,9986.19,239.15,114.93,1941.92,1371.27,2623.15,250.5,355.05,780.5,107.95,3629.04,854.85,2705.17,1151.04,ASIAN PAINTS LTD
1,3/31/2011 0:00,15154.86,,,,389.21,1746.58,1284.59,2419.28,4664.3,293.69,8588.61,5097.2,1752.52,3339.91,574.77,AXIS BANK LTD
2,3/31/2012 0:00,21994.9,,,,538.23,2255.04,1367.21,2734.29,5487.19,348.15,13969.18,6269.99,2051.48,4219.78,661.12,AXIS BANK LTD
3,3/31/2013 0:00,27201.98,,,,596.04,2677.19,1562.68,3697.69,6828.37,358.77,17513.39,7624.59,2390.8,5234.76,842.31,AXIS BANK LTD
4,3/31/2014 0:00,30735.96,,,,642.53,2974.36,1671.32,4641.42,7751.51,375.46,18702.97,9479.41,3170.25,6310.12,939.68,AXIS BANK LTD
5,3/31/2015 0:00,35727.46,,,,753.16,3617.9,1746.62,5400.09,8834.46,419.64,21341.26,11283.25,3834.76,7447.9,1090.43,AXIS BANK LTD
6,3/31/2016 0:00,41409.25,,,,736.13,4022.38,1640.09,7470.05,9954.98,461.39,24344.23,12689.96,4332.38,8349.67,1191.42,AXIS BANK LTD
7,3/31/2017 0:00,45175.09,,,,880.53,4745.48,2126.47,16570.5,12417.72,526.67,26789.35,5953.81,1986.78,3953.03,1197.52,AXIS BANK LTD
8,3/31/2018 0:00,46614.06,,,,878.06,5417.98,2354.92,21048.86,11845.91,590.58,27603.69,565.88,101.86,455.82,,AXIS BANK LTD
9,3/31/2019 0:00,56043.65,,,,1093.22,5994.16,2483.83,18423.73,14163.98,737.17,33883.47,7592.05,2544.96,5038.59,257.16,AXIS BANK LTD
10,3/31/2020 0:00,63715.68,,,,1186.04,5823.4,2640.63,26320.46,16336.91,806.07,37995.94,5280.05,3401.29,1853.11,,AXIS BANK LTD
1,3/31/2011 0:00,13645.93,2149.93,87.61,3279.78,1365.73,722.8,3217.95,301.47,154.11,812.98,292.28,1744.73,383.66,1367.35,164.42,ULTRATECH CEMENT LTD
2,3/31/2012 0:00,18550.66,2842.66,-28.4,4639.36,1825.32,914.48,4361.68,-255.14,370.83,962.91,256.42,3345.4,948.14,2403.26,219.26,ULTRATECH CEMENT LTD
3,3/31/2013 0:00,20513.6,3383.58,115.2,4645.71,2058.49,1072.81,5013.87,-384.99,303.59,1023.37,252.34,3867.21,1179.14,2677.73,246.76,ULTRATECH CEMENT LTD
4,3/31/2014 0:00,20730.33,3649.78,-98.76,4523.12,2240.62,1125.45,5460.01,-402.58,322.38,1139,360.95,2857.6,644.82,2206.03,246.82,ULTRATECH CEMENT LTD
5,3/31/2015 0:00,23306.19,4151.05,100.88,5115.68,1908.68,1329.76,6944.03,-467.61,350.08,1203.42,586.51,2985.63,883.52,2098.34,246.96,ULTRATECH CEMENT LTD
6,3/31/2016 0:00,25153.24,4436.12,18.61,4579.25,1933.88,1466.49,7200.47,654.67,463.81,1377.17,566.3,3421.31,941.69,2478.04,260.71,ULTRATECH CEMENT LTD
7,3/31/2017 0:00,25374.94,4416.9,-75.69,4271.98,1991.28,1547.77,7149.12,709.76,648.12,1348.41,640.1,3872.05,1158.54,2714.92,274.51,ULTRATECH CEMENT LTD
8,3/31/2018 0:00,30978.62,5399.98,111.2,6334.07,2289.53,1831.81,8320.28,883.93,356.78,1847.93,1237.6,3301.47,1077.01,2222.17,288.34,ULTRATECH CEMENT LTD
9,3/31/2019 0:00,41462.26,6936.74,-46.35,9436.14,3001.06,2309.43,11563.8,935.68,463.98,2450.73,1777.86,3468.45,1068.07,2403.51,315.84,ULTRATECH CEMENT LTD
10,3/31/2020 0:00,41833.4,6671.69,358.59,8467.9,3036.67,2512.21,11228.4,992.78,647.77,2702.16,1985.65,5242.3,-568.16,5814.84,375.22,ULTRATECH CEMENT LTD
1,3/31/2011 0:00,31038.5,4891.3,65.2,245.2,3220.3,12721,2365.6,1214.1,770.9,789.1,193.2,6234.8,969.5,5292.4,1471.8,WIPRO LTD
2,3/31/2012 0:00,37187.8,5775.3,-11.8,289,3988.5,15407.4,2840.3,1843.3,1268.5,975.4,343.9,6981.4,1384.5,5604.5,1474.5,WIPRO LTD
3,3/31/2013 0:00,37430,3101.7,18.3,273,4232.3,17994,3017.1,1172.8,1440.5,939.7,289.4,7868.8,1686.5,6150.1,1723.4,WIPRO LTD
4,3/31/2014 0:00,43423.8,2974.2,-5.5,293.5,5143.1,20681.5,3380.4,1310.3,1921.9,1059.5,383.4,10114.3,2123.4,7947.1,1972,WIPRO LTD
5,3/31/2015 0:00,46951,3440.7,258.8,293.2,5518.7,22511.5,3974,1172.5,2449.7,1174.9,349.9,11224.1,2510.1,8660.9,2962.2,WIPRO LTD
6,3/31/2016 0:00,51244,3055.4,60.5,,,24553.4,10517.7,2382.2,2752.2,1496.1,558.2,11493.7,2536.6,8907.9,1482.3,WIPRO LTD
7,3/31/2017 0:00,55448.4,2556,-141.1,,,26808.1,13775.7,846.6,2622.6,2310,594.2,11039.3,2521.4,8493.1,486.1,WIPRO LTD
8,3/31/2018 0:00,54487.1,1843.4,-50.5,,,27222.3,13853.3,1130.5,2549.8,2111.7,583,10242.2,2239.1,8002.8,452.4,WIPRO LTD
9,3/31/2019 0:00,59018.9,1407.3,67.3,,,29977.4,14796.3,1292.6,2613.8,1946.7,737.5,11542.2,2524.3,9003.7,603.4,WIPRO LTD
10,3/31/2020 0:00,61137.6,936,-202.2,,,32657.1,14350.4,649.6,2727.9,2085.5,732.8,12251.9,2480.1,9722.3,571.35,WIPRO LTD
1,3/31/2011 0:00,5760.68,3211.72,310.04,221.25,292.67,514.64,651.56,126.13,137.49,213.8,312,664.44,73.08,557.62,92.36,UPL LTD
2,3/31/2012 0:00,7671.32,4058,,263.53,326.44,682.96,805.27,184.58,85.18,292.38,414.64,728.7,128.01,555.55,115.45,UPL LTD
3,3/31/2013 0:00,9185.7,4687.36,,349.84,441.16,852.62,915.86,319.67,107.37,353.72,428.96,943.88,203.17,774.6,110.65,UPL LTD
4,3/31/2014 0:00,10770.88,5440.8,,433.67,455.53,948.18,1298.61,218.46,73.14,406.94,485.29,1156.54,221.69,949.79,171.44,UPL LTD
5,3/31/2015 0:00,12090.52,6016.41,,435.59,698.4,1042.8,1469.38,129.99,53.98,424.52,517.04,1410.37,244.01,1144.03,214.3,UPL LTD
6,3/31/2016 0:00,14048,6964,184,359,1323,1434,1228,576,149,676,704,1117,165,940,215,UPL LTD
7,3/31/2017 0:00,16312,8178,362,339,1556,1627,1426,634,415,672,735,1922,189,1727,353.5,UPL LTD
8,3/31/2018 0:00,17378,8112,,291,1824,1713,1558,463,346,675,783,2305,275,2022,408,UPL LTD
9,3/31/2019 0:00,21837,10904,,402,2108,2095,1802,725,-185,880,963,1773,198,1491,408,UPL LTD
10,3/31/2020 0:00,35756,18743,,464,2717,3391,2593,1084,-507,2012,1481,2764,586,1776,459,UPL LTD
1,3/31/2011 0:00,6533.14,5191.67,498.65,21.63,123.53,371.77,566.49,138.78,54.94,35.11,34.54,603.21,170.08,433.12,55.49,TITAN COMPANY LTD
2,3/31/2012 0:00,8848.43,7290.97,750.75,25.52,128.66,400.81,723.91,191.6,92.12,45.62,43.73,840.48,238.98,601.35,155.36,TITAN COMPANY LTD
3,3/31/2013 0:00,10123.29,8307.32,813.15,33.84,117.8,493.48,752.35,217.3,99.03,56.23,50.65,1006.5,281.56,725.38,186.44,TITAN COMPANY LTD
4,3/31/2014 0:00,10927.39,8151.28,99.41,37.74,142.88,544.1,824.41,279.16,117.32,67.55,87.13,1009.87,275.12,734.94,186.44,TITAN COMPANY LTD
5,3/31/2015 0:00,11913.41,8955.86,204.37,40.18,187.15,636.48,833.49,312.28,66.81,89.57,80.69,1048.89,232.64,816.26,204.19,TITAN COMPANY LTD
6,3/31/2016 0:00,11275.89,8372.17,191.43,41.2,261.7,699.69,846.43,306.8,69.33,98.19,42.36,868.11,191.59,674.52,195.32,TITAN COMPANY LTD
7,3/31/2017 0:00,13260.83,9821.14,313.71,43.84,160.42,894.32,1211.16,279.76,-42.38,110.53,37.74,973.25,275.97,711.47,230.83,TITAN COMPANY LTD
8,3/31/2018 0:00,16119.77,12664.83,978.61,45.32,124.83,906.26,1277.81,435.13,69.93,131.43,52.92,1529.78,427.87,1130.09,332.92,TITAN COMPANY LTD
9,3/31/2019 0:00,19778.52,15170.66,776.41,48.51,193.28,1024.44,1454.32,669.93,178.48,162.84,52.54,1956.89,568.24,1404.15,443.9,TITAN COMPANY LTD
10,3/31/2020 0:00,21051.54,16033.14,878.07,51.81,213.73,1204.27,1337.39,626.72,153.23,347.96,166.17,2101.65,608.99,1501.39,355.12,TITAN COMPANY LTD
1,3/31/2011 0:00,122127.92,80844.57,1836.19,851.6,3657.57,9342.67,10913.23,1536.99,660.47,4655.51,2385.27,10437.17,1216.38,9273.62,1269.3,TATA MOTORS LTD
2,3/31/2012 0:00,165654.49,112003.3,2535.72,1017.19,4422.54,12298.45,14485.85,1747.45,-73.96,5625.38,2982.22,13533.87,-40.04,13516.5,1269.5,TATA MOTORS LTD
3,3/31/2013 0:00,188792.69,123117.34,3029.29,1077.77,4440.73,16632.19,16632.91,5405.15,292.97,7601.28,3560.25,13647.33,3776.66,9892.61,638.07,TATA MOTORS LTD
4,3/31/2014 0:00,232833.66,146426.99,2840.58,1128.69,13806.04,21609.92,22357.79,-4393.97,-42.21,11078.16,4749.44,18868.97,4764.79,13991.02,643.78,TATA MOTORS LTD
5,3/31/2015 0:00,263158.98,163250.36,3330.35,1121.75,16173.17,25641.95,23603.01,-2419.99,833.6,13388.63,4861.49,21702.56,7642.91,13986.29,,TATA MOTORS LTD
6,3/31/2016 0:00,273045.6,166134.01,2750.99,1143.63,12101.53,28880.89,21991.9,7149.38,-2669.62,16710.78,4889.08,14125.77,3025.05,11579.31,67.92,TATA MOTORS LTD
7,3/31/2017 0:00,269692.51,173294.08,7399.92,1159.82,10067.37,28332.89,30039.38,4677.81,1936.71,17904.99,4238.01,9314.79,3251.23,7454.36,,TATA MOTORS LTD
8,3/31/2018 0:00,291550.48,187896.58,2046.58,1308.08,10971.66,30300.09,31004.58,2303.45,7577.79,21553.59,4681.79,11155.03,4341.93,8988.91,,TATA MOTORS LTD
9,3/31/2019 0:00,301938.4,194267.91,-2053.28,1585.93,11694.54,33243.87,32719.8,2214.33,-26180.66,23590.63,5758.6,-31371.15,-2437.45,-28826.23,,TATA MOTORS LTD
10,3/31/2020 0:00,261067.97,164899.82,-2231.19,1264.95,11541.51,30438.6,29248.32,3709.47,354.67,21425.43,7243.33,-10579.98,395.25,-12070.85,,TATA MOTORS LTD
1,3/31/2011 0:00,37324.51,,,302.08,3928.1,18805.7,2739.31,370.96,604,735.26,26.48,11020.62,1830.83,9068.04,2740.08,TATA CONSULTANCY SERVICES LTD
2,3/31/2012 0:00,48893.83,,,366.32,5182.6,24683.35,3587.85,638.4,428.17,917.94,22.23,13923.31,3399.86,10413.49,4893,TATA CONSULTANCY SERVICES LTD
3,3/31/2013 0:00,62989.48,,,475.76,15777.08,24039.96,3532,1124.77,1178.23,1079.92,48.49,18089.73,4014.04,13917.31,4305.84,TATA CONSULTANCY SERVICES LTD
4,3/31/2014 0:00,81809.36,,,527.1,20466.04,29860.01,4278.52,1524.9,1636.74,1349.15,38.52,25401.86,6069.99,19163.87,6267.84,TATA CONSULTANCY SERVICES LTD
5,3/31/2015 0:00,94648.41,,,573.87,24485.93,38701.15,4842.25,1563.5,3719.66,1798.69,104.19,26298.49,6238.79,19852.18,15473.73,TATA CONSULTANCY SERVICES LTD
6,3/31/2016 0:00,108646,,,,2571,55348,15589,4461,3084,1888,33,31840,7502,24270,8569.5,TATA CONSULTANCY SERVICES LTD
7,3/31/2017 0:00,117966,94,1,,2715,61621,16392,4834,4221,1987,32,34513,8156,26289,9259,TATA CONSULTANCY SERVICES LTD
8,3/31/2018 0:00,123104,86,,,2614,66396,16808,4684,3642,2014,52,34092,8212,25826,9550,TATA CONSULTANCY SERVICES LTD
9,3/31/2019 0:00,146463,40,,,2230,78246,20387,6054,4311,2056,198,41563,10001,31472,11250,TATA CONSULTANCY SERVICES LTD
10,3/31/2020 0:00,156949,18,,,1887,85952,20527,6456,4592,3529,924,42248,9801,32340,27375,TATA CONSULTANCY SERVICES LTD
1,3/31/2011 0:00,5140.2,,,52.4,936.8,2436.9,623.3,-328.1,-298.1,143.5,99.9,877.4,131.6,644.2,50.4,TECH MAHINDRA LTD
2,3/31/2012 0:00,5489.7,,,56.4,836.5,2879.6,755.7,43.5,30.5,161.3,102.6,684.6,142.5,1095.5,51,TECH MAHINDRA LTD
3,3/31/2013 0:00,6873.1,,,70.4,874.5,3672,799.1,34.9,-141,200,103,978.2,235.5,1287.8,64.05,TECH MAHINDRA LTD
4,3/31/2014 0:00,18802.4,,,148.8,2542.8,9735.5,2039,152.5,233,522.2,79.9,3814.7,752.3,3028.8,467,TECH MAHINDRA LTD
5,3/31/2015 0:00,22621.3,,,150.9,3855.3,11913.7,2384.2,124.2,105.6,611.4,69.1,3618.1,959.5,2627.7,576.48,TECH MAHINDRA LTD
6,3/31/2016 0:00,26494.2,,,168.8,5092.9,13947.5,2795.5,218.9,442,758.9,97,3856.7,830.1,2992.9,1045.2,TECH MAHINDRA LTD
7,3/31/2017 0:00,29140.8,,,187.9,5910.3,15453.9,3053.2,351.1,775.3,978.1,128.6,3853,1002.1,2812.9,789.84,TECH MAHINDRA LTD
8,3/31/2018 0:00,30772.9,,,194.7,5861.6,16624,3008.1,374.9,1416.6,1085,162.4,4878.8,1092.6,3799.8,1236.76,TECH MAHINDRA LTD
9,3/31/2019 0:00,34742.1,,,199.2,6716.7,17507.9,3422.1,624.8,534.2,1129.2,133.2,5543.2,1254.4,4297.6,1242.36,TECH MAHINDRA LTD
10,3/31/2020 0:00,36867.7,,,205.3,8293.7,18810,3400.1,655.5,1192.4,1445.8,191.9,5057.8,1160.4,4033,1307.7,TECH MAHINDRA LTD
1,3/31/2011 0:00,15967.7,,,,14739.21,385.31,449.56,28.84,66.55,31.25,5.56,394.52,28.17,366.34,,SBI LIFE INSURANCE COMPANY LTD
2,3/31/2012 0:00,13759.96,,,,12361.76,427.66,497.5,37.53,207.36,34.32,4.41,604.14,48.32,555.82,50,SBI LIFE INSURANCE COMPANY LTD
3,3/31/2013 0:00,14869.77,,,,12545.46,466.26,1075.51,355.84,292.37,24.63,4.47,689.97,59.85,630.11,50,SBI LIFE INSURANCE COMPANY LTD
4,3/31/2014 0:00,17258.12,,,,14731.64,531.7,1118.77,364.63,344.1,34.55,4.73,816.2,88.45,727.75,100,SBI LIFE INSURANCE COMPANY LTD
5,3/31/2015 0:00,23299.03,,,,20514.16,589.5,1197.08,203.82,182.95,34.02,4.29,939.11,124.24,814.87,120,SBI LIFE INSURANCE COMPANY LTD
6,3/31/2016 0:00,19324.15,,,,15990.53,696.56,1517.83,198.86,128.62,37.13,4.88,1006.98,162.88,844.1,120,SBI LIFE INSURANCE COMPANY LTD
7,3/31/2017 0:00,30547.66,,,,26828.9,823.18,1739.21,87.94,138.72,47.56,5.19,1154.4,199.75,954.65,150,SBI LIFE INSURANCE COMPANY LTD
8,3/31/2018 0:00,34068.38,,,,29360.81,958.58,2033.91,382.94,155.68,59.31,6.06,1422.45,272.06,1150.39,200,SBI LIFE INSURANCE COMPANY LTD
9,3/31/2019 0:00,44604.06,,,,38990.24,1237.63,1929.05,882.51,176.29,91.7,7.67,1641.55,314.76,1326.8,200,SBI LIFE INSURANCE COMPANY LTD
10,3/31/2020 0:00,43797.5,,,,37179.46,1361.92,2301.27,1595.65,528.83,89.25,8.49,1790.29,368.11,1422.18,,SBI LIFE INSURANCE COMPANY LTD
1,3/31/2011 0:00,118753.12,54638.98,1355.98,4889.19,13119.95,15840.2,11750.02,3124.09,3725.88,4414.82,3955.78,12101.95,3245.9,8982.69,1150.49,TATA STEEL LTD
2,3/31/2012 0:00,132899.7,66530.97,785.93,5935.48,15133.64,17228.64,12806.31,3633.8,4934.95,4516.65,4250.11,8584.98,3636.46,5389.77,1165.69,TATA STEEL LTD
3,3/31/2013 0:00,134711.54,59117.33,-1418.92,6544.38,17706.28,18912,13603.05,13444.28,1445.18,5575.32,3968.11,-4132.95,3229.44,-7057.62,777.13,TATA STEEL LTD
4,3/31/2014 0:00,148613.55,63251.19,514.67,7125.2,20662.36,20303.41,16160.96,5259.93,535.01,5841.22,4336.83,6722.13,3058.16,3594.89,971.41,TATA STEEL LTD
5,3/31/2015 0:00,139503.73,54545.26,-1122.18,6845.38,20370.48,21407.64,15868.37,13199.54,3258.38,5943.6,4847.75,-1388.09,2567.41,-3925.52,777.13,TATA STEEL LTD
6,3/31/2016 0:00,101964.72,38696.27,-1925.19,4993.89,16034.28,17587.63,12908.42,7430.05,7331.64,5306.35,4221.41,192.87,689.96,-382.78,776.19,TATA STEEL LTD
7,3/31/2017 0:00,112299.42,43843.03,4538.13,5220.83,15799.14,17252.22,13772.32,7916.07,-3679.42,5672.88,5072.2,-1390.56,2778.01,-4240.8,970.24,TATA STEEL LTD
8,3/31/2018 0:00,123249.07,46137.01,-99.31,4440.43,16955.79,17077.51,14423.87,6933.5,15149.95,5741.7,5454.74,21135.16,3392.33,13434.33,1144.95,TATA STEEL LTD
9,3/31/2019 0:00,157668.99,60877.05,96.71,5316.56,20734.28,18758.87,16917.14,6144.68,1825.41,7341.83,7660.1,15840.6,6718.43,10218.33,1488.42,TATA STEEL LTD
10,3/31/2020 0:00,139816.65,58039.99,565.24,5319.92,21232.69,18533.58,15599.07,5684.97,-1392.24,8440.73,7533.46,-1394.76,-2568.41,1556.54,1144.95,TATA STEEL LTD
1,3/31/2011 0:00,113636.44,,,,474.52,20717.26,5186.59,31587.3,33715.93,1380.55,68086.4,19919.75,8739.81,10684.95,1905,STATE BANK OF INDIA
2,3/31/2012 0:00,147197.39,,,,489.96,22089.89,5765.81,33336.19,29644.57,1371.61,89319.55,24468.95,8639.5,15343.1,2348.64,STATE BANK OF INDIA
3,3/31/2013 0:00,167976.14,,,,530.13,24408.65,7030.64,34272.65,32543.16,1577.49,106817.91,25881.83,7558.83,17916.23,2838.72,STATE BANK OF INDIA
4,3/31/2014 0:00,189062.44,,,,591.76,29874.91,8441.07,43243.58,37835.89,1942.43,121479.04,21325.54,6836.07,14173.78,2239.71,STATE BANK OF INDIA
5,3/31/2015 0:00,207974.34,,,,730.46,31123.2,9333.86,55436,49263.88,1581.49,133178.64,25854.57,8337.2,16994.3,2613,STATE BANK OF INDIA
6,3/31/2016 0:00,220632.75,,,,797.06,32533.31,9750.12,66883.24,52807.34,2252.21,143047.36,18176.79,5433.5,12224.6,2018.33,STATE BANK OF INDIA
7,3/31/2017 0:00,230447.1,,,,870.96,35700.74,10596.89,98453.69,68149.36,2914.68,149114.67,944.83,1335.5,241.23,2073.11,STATE BANK OF INDIA
8,3/31/2018 0:00,228970.28,,,,971.9,35417.16,12237.75,120406.99,77526.66,3105.07,146602.98,-12244.91,-8057.5,-4556.29,,STATE BANK OF INDIA
9,3/31/2019 0:00,253322.17,,,,1057.77,43804.72,12823.59,108417.44,77365.19,3495.89,155867.46,5220.49,2151.41,2299.64,,STATE BANK OF INDIA
10,3/31/2020 0:00,269851.66,,,,1121.27,48862.11,13665.28,109260.04,98158.99,3661.56,161123.8,30316.59,12139.76,19767.8,,STATE BANK OF INDIA
1,3/31/2011 0:00,5727.9,1666.46,205.77,96.78,338.4,818.95,852.8,200.38,354.78,204.85,73.88,2035.95,128.58,1816.06,362.46,SUN PHARMACEUTICALS INDUSTRIES LTD
2,3/31/2012 0:00,8019.49,2088.8,448.87,145.65,470.33,1187.73,1146.03,226.61,471.51,291.16,28.2,3355.36,313.19,2656.69,440.13,SUN PHARMACEUTICALS INDUSTRIES LTD
3,3/31/2013 0:00,11130.57,2301.82,228.48,187.1,621.45,1534.53,1556.39,373.57,-89.97,336.17,43.16,4314.89,845.55,2983.06,258.9,SUN PHARMACEUTICALS INDUSTRIES LTD
4,3/31/2014 0:00,16080.36,2855.86,76.54,232.41,813.85,2074.44,2373.26,1093.91,-1678.58,409.23,44.19,4581.17,702.17,3141.47,310.68,SUN PHARMACEUTICALS INDUSTRIES LTD
5,3/31/2015 0:00,27392.01,6624.68,-114.49,560.77,1427.56,4502.64,5131.37,1344.45,490.56,1194.72,578.99,6402.9,914.69,4539.38,621.36,SUN PHARMACEUTICALS INDUSTRIES LTD
6,3/31/2016 0:00,28487.03,6724.15,393.77,545.44,1808.55,4772.31,5219.2,1749.22,69.47,1037.53,523.24,6570.63,913.77,4545.71,240.66,SUN PHARMACEUTICALS INDUSTRIES LTD
7,3/31/2017 0:00,31578.44,8402.37,271.63,525.09,1973.46,4902.3,5224.61,732.97,623.15,1264.75,399.8,9047.87,1211.57,6964.37,839.76,SUN PHARMACEUTICALS INDUSTRIES LTD
8,3/31/2018 0:00,26489.46,7193.98,-230.7,559.97,1828.35,5367.05,4727,977.52,-108.5,1499.84,517.57,3478.98,911.04,2095.7,479.86,SUN PHARMACEUTICALS INDUSTRIES LTD
9,3/31/2019 0:00,29065.91,8302.08,433.11,613.6,1884.71,5967.09,5350.33,1025.09,-237.42,1753.25,555.25,3810.2,600.88,2665.42,659.81,SUN PHARMACEUTICALS INDUSTRIES LTD
10,3/31/2020 0:00,32837.5,8929.6,-300.85,621.89,1690,6362.35,6995.37,982.74,410.4,2052.78,302.73,5009.59,822.8,3764.93,959.72,SUN PHARMACEUTICALS INDUSTRIES LTD
1,,,,,,,,,,,,,,,,,SHREE CEMENT LTD
2,,,,,,,,,,,,,,,,,SHREE CEMENT LTD
3,6/30/2013 0:00,5418.03,406.56,15.97,1479.35,506.02,339.16,1257.65,-114.57,188.33,435.63,193.14,1119.39,115.45,1003.94,69.68,SHREE CEMENT LTD
4,6/30/2014 0:00,5714.53,436.84,16.37,1378.7,629.86,396.8,1600.09,-50.48,155.13,549.91,129.19,815.12,27.91,787.21,76.65,SHREE CEMENT LTD
5,6/30/2015 0:00,6259.39,552.76,79.1,1579.82,637.98,456.87,1861.34,-63.1,133.39,924.78,120.63,400.8,-25.5,426.3,83.62,SHREE CEMENT LTD
6,3/31/2016 0:00,5513.64,449.3,-3.28,1122.95,538.64,371.89,1524.75,95.95,672.68,827.57,75.77,1176.22,33.12,1143.1,83.62,SHREE CEMENT LTD
7,3/31/2017 0:00,8594.3,680.66,53.48,1444.27,821.25,540.63,2420.29,227.54,361.77,1214.71,129.42,1530.78,191.7,1339.08,487.76,SHREE CEMENT LTD
8,3/31/2018 0:00,9833.1,769.06,-1.29,1979.65,789.68,591.77,3040.92,187.98,389.05,899.4,135.27,1827.13,442.98,1384.15,174.2,SHREE CEMENT LTD
9,3/31/2019 0:00,12554.65,1055.38,39.94,3092.63,963.64,771.86,3530.3,384.99,69.52,1471.81,247.86,1145.64,130.59,1006.3,209.04,SHREE CEMENT LTD
10,3/31/2020 0:00,12868.39,953.32,-37.17,2702.65,1001.63,858.51,3293.32,255.22,266.93,1807.81,291.43,1934.26,390.2,1530.18,396.88,SHREE CEMENT LTD
1,3/31/2011 0:00,265050,208882,4458,2834,7647,3324,7698,500,1964,14121,2411,24055,4783,19294,2384.8,RELIANCE INDUSTRIES LTD
2,3/31/2012 0:00,357677,301035,2844,4740,7165,3955,8198,920,6194,12401,2893,25408,5691,19724,2532.15,RELIANCE INDUSTRIES LTD
3,3/31/2013 0:00,395957,337204,4954,7993,7218,5179,10180,92,7867,11232,3463,26217,5331,20879,2642.4,RELIANCE INDUSTRIES LTD
4,3/31/2014 0:00,433521,363582,560,10855,7954,5572,10681,638,9001,11201,3836,28763,6215,22493,2793,RELIANCE INDUSTRIES LTD
5,3/31/2015 0:00,374372,292563,-1483,13261,8914,6262,12548,1977,8613,11547,3316,31114,7474,23566,2943,RELIANCE INDUSTRIES LTD
6,3/31/2016 0:00,272583,186254,-2560,10741,8272,7407,18808,-3197,12255,11565,3691,38737,8876,29745,3095.4,RELIANCE INDUSTRIES LTD
7,3/31/2017 0:00,303954,217518,5218,11251,9909,8388,18520,-2721,9222,11646,3849,40034,10201,29901,3254.9,RELIANCE INDUSTRIES LTD
8,3/31/2018 0:00,390823,276076,8610,14569,9691,9523,29111,-3852,9869,16706,8052,49426,13346,36075,3553.2,RELIANCE INDUSTRIES LTD
9,3/31/2019 0:00,568337,399167,4680,17029,12198,12488,50221,-2336,8406,20934,16495,55227,15390,39588,3851.9,RELIANCE INDUSTRIES LTD
10,3/31/2020 0:00,595887,410288,5048,15098,11434,14075,63644,-2078,9362,22203,22027,53606,13726,39354,4120.35,RELIANCE INDUSTRIES LTD
1,3/31/2011 0:00,8611.76,,,73.52,213.42,1086.1,265.24,22.98,817.47,2272.92,1665.76,3829.29,1157.38,2671.91,810.2,POWER GRID CORPORATION OF INDIA LTD
2,3/31/2012 0:00,10323.46,,,83.52,250.85,1285.95,551.31,-273.29,887.68,2637.39,1985.75,4689.66,1386.67,3302.99,976.87,POWER GRID CORPORATION OF INDIA LTD
3,3/31/2013 0:00,13081.01,,,109,368.25,1419.31,577.42,-229.52,966.32,3427.8,2599.44,5775.63,1463.02,4312.61,1321.32,POWER GRID CORPORATION OF INDIA LTD
4,3/31/2014 0:00,15555.22,,,125.41,629.34,1496.17,638.88,-301.31,725.31,4079.38,3253.66,6359,1811.42,4547.58,1349.75,POWER GRID CORPORATION OF INDIA LTD
5,3/31/2015 0:00,17539.96,,,174.35,516,1706.47,710.14,-487.17,738.5,5173.33,4081.23,6404.11,1357.86,5046.25,1046.32,POWER GRID CORPORATION OF INDIA LTD
6,3/31/2016 0:00,20652.08,,,161.29,529.47,1503.19,719.17,-443.33,657.3,6181.82,5086.23,7571.54,1612.93,5958.61,1208.5,POWER GRID CORPORATION OF INDIA LTD
7,3/31/2017 0:00,25697.44,,,228.02,675.05,1911.6,655.18,-222.34,932.87,7722.25,6203.55,9457,2006.27,7450.73,2275.74,POWER GRID CORPORATION OF INDIA LTD
8,3/31/2018 0:00,29953.62,,,244.12,757.08,2150.29,935.8,-83.92,4075.63,9230.99,7324.14,13470.75,5266.75,8204,2746.58,POWER GRID CORPORATION OF INDIA LTD
9,3/31/2019 0:00,35059.12,,,266.13,964.13,2300.54,965.85,3644.23,1506.45,10540.95,8736.57,9147.17,-886.35,10033.52,4357.91,POWER GRID CORPORATION OF INDIA LTD
10,3/31/2020 0:00,37743.54,,,287.04,943.57,2448.57,1046.63,489.54,3178,11607.04,9509,14590.15,3530.75,11059.4,5231.59,POWER GRID CORPORATION OF INDIA LTD
1,3/31/2011 0:00,113844.16,34289.98,891.69,339.74,15343.76,6253.71,30852.65,-6260.2,3717.99,2883.18,437.72,34313.3,11488.33,22455.93,7486.08,OIL & NATURAL GAS CORPN LTD
2,3/31/2012 0:00,140147.1,46778.02,464.12,185.85,9702.86,1695.82,26082.15,7675.49,7933.93,13186.54,434.91,42803.51,14374.6,28143.62,8341.63,OIL & NATURAL GAS CORPN LTD
3,3/31/2013 0:00,161983.83,61726.4,1120.5,218.25,9725.16,2457.99,29807.34,15676.86,5496.94,11763.3,483.8,36742.17,12751.9,24219.65,8127.74,OIL & NATURAL GAS CORPN LTD
4,3/31/2014 0:00,174120.87,72652.85,528.54,4366.71,7395.99,10256.5,42686.59,-12081.33,6927.91,16262.28,624.33,39413.4,12760.38,26506.53,8127.74,OIL & NATURAL GAS CORPN LTD
5,3/31/2015 0:00,160922.64,61912.64,-1722.92,876.3,8171.9,9361.34,41281.42,-4716.2,5954.76,18032.97,2863.75,27370.36,9697.41,18333.52,8127.74,OIL & NATURAL GAS CORPN LTD
6,3/31/2016 0:00,124035.71,36666.93,-756.02,1182.38,9085.95,9230.17,35735.31,-7648.65,1174.29,16384.06,3765.58,20052.25,6950.7,12875.21,7272.19,OIL & NATURAL GAS CORPN LTD
7,3/31/2017 0:00,282506.11,175376.73,4784.69,1957.93,16260.06,15128.16,36378.9,-10614.65,12724.18,20219.2,3591.11,41717.54,12548.42,24419.25,9689.11,OIL & NATURAL GAS CORPN LTD
8,3/31/2018 0:00,322705.76,202298.51,8.17,2177.5,18372.26,14970.72,34331.58,-6325.7,10429.39,23111.91,4999.04,39207.5,13139.52,22105.93,8469.95,OIL & NATURAL GAS CORPN LTD
9,3/31/2019 0:00,421623.93,275523.61,3095.62,2139.73,19178.34,15850.5,39621.44,-2391.52,9588.64,23703.7,5836.73,54845.66,20907.65,30546.04,8806.21,OIL & NATURAL GAS CORPN LTD
10,3/31/2020 0:00,396752.64,269975.37,-1145.56,2078.92,20893.25,15531.26,29414.07,5588.86,577.45,26634.88,6999.77,19068.15,7508,10907.15,6290.15,OIL & NATURAL GAS CORPN LTD
1,3/31/2011 0:00,56859.85,,,36865.61,2088.27,3605.75,1744.16,-1879.48,2411.71,2719.69,1735.23,12392.33,3044.1,9348.23,3133.27,NTPC LTD
2,3/31/2012 0:00,65230.65,,,43883.38,2347,4004.81,1733.33,-2020.15,3101.01,3107.09,2138.94,13137.26,3322.6,9812.79,3380.64,NTPC LTD
3,3/31/2013 0:00,71518.28,,,46194.85,2632.02,4490.02,1720.89,-1605.83,4839,3823.22,2491.16,16610.95,4024.73,12590.78,4810.4,NTPC LTD
4,3/31/2014 0:00,78329.51,,-1.66,50771.68,2891.35,5037.21,2011.42,-2065.94,2836.49,4769.99,3262.87,14485.76,3082.36,11403.61,4741.14,NTPC LTD
5,3/31/2015 0:00,79956.74,,-4.64,54268.2,3324.75,4882.73,2066.78,-1914.72,2365.44,5564.61,3668.98,10456.21,463.84,9986.34,2061.36,NTPC LTD
6,3/31/2016 0:00,73396.32,,,47727.29,2230.5,4694.39,1650.18,-1455.54,1205.69,5771.24,3366.03,10617.92,-162.81,10801.15,2762.23,NTPC LTD
7,3/31/2017 0:00,82042.49,,,52550.45,2563.56,5243.14,1631.95,-1508.97,1626.68,6009.91,3752.8,13426.33,2712.39,10719.64,3941.33,NTPC LTD
8,3/31/2018 0:00,88083.31,,,55690.57,2936.86,5758.75,1785.21,-462.82,5686.22,7459.93,4446.59,16154.44,5652.94,10543.95,4221.68,NTPC LTD
9,3/31/2019 0:00,100286.54,,,62852.55,3470.16,5914.48,2615.71,2735.09,2829.68,8669.03,5604.65,11254.55,-2779.94,13736.68,6015.89,NTPC LTD
10,3/31/2020 0:00,109464.04,,,65902.75,3819.89,5897.38,3318.89,-1060.6,8208.96,10356.16,8189.01,21249.52,9347.54,11600.23,3116.79,NTPC LTD
1,12/31/2011 0:00,7514.55,3052.64,48.28,295.81,753.26,546.46,1236.55,153.12,21.37,153.33,5.11,1387.92,426.37,961.55,467.64,NESTLE INDIA LTD
2,12/31/2012 0:00,8334.53,3238.44,92.02,370.89,815.2,663.38,1374.62,138.68,31.03,277.15,26.6,1552.62,484.69,1067.93,467.64,NESTLE INDIA LTD
3,12/31/2013 0:00,9101.05,3313.68,-105.32,385.38,895.68,741.5,1528.64,183.27,96.9,329.95,36.51,1678.02,560.89,1117.13,467.64,NESTLE INDIA LTD
4,12/31/2014 0:00,9854.84,4591.39,67.43,384.33,197.11,837.05,1680.48,199.82,94.03,337.54,14.23,1774.35,589.66,1184.69,607.45,NESTLE INDIA LTD
5,12/31/2015 0:00,8175.31,3456.94,-11.97,221.99,170.61,912.75,1615.41,230.71,-390.75,347.26,3.29,813.63,250.36,563.27,467.64,NESTLE INDIA LTD
6,12/31/2016 0:00,9141.34,3227.26,7.66,232.79,850.85,901.57,1751.78,356.13,161.34,353.67,90.91,1545.38,544.02,1001.36,607.45,NESTLE INDIA LTD
7,12/31/2017 0:00,10009.6,3696.99,79.56,288.44,897.84,1017.45,1823.98,267.93,176.92,342.25,91.9,1839.3,614.11,1225.19,829.21,NESTLE INDIA LTD
8,12/31/2018 0:00,11292.27,3829.22,6.01,344.18,949.86,1124.15,2145.82,287.4,258.92,335.67,111.95,2428.95,822.02,1606.93,1108.83,NESTLE INDIA LTD
9,12/31/2019 0:00,12368.9,4520.91,144.19,340.53,1028.55,1262.95,2283.98,211.87,246.88,316.36,119.83,2674.99,705.44,1969.55,3297.56,NESTLE INDIA LTD
10,12/31/2020 0:00,13350.03,5743.24,69.33,,,1500.95,,2959.7,145.85,370.38,164.18,2812.79,730.36,2082.43,1928.4,NESTLE INDIA LTD
1,3/31/2011 0:00,37155.8,28820.7,60,210.2,155,731.9,2964.8,652,514.5,1031.3,29.4,3135,827.9,2382.4,216.75,MARUTI SUZUKI INDIA LTD
2,3/31/2012 0:00,36089.9,28662.5,150.6,229.5,181.6,877.9,2906.4,857.5,844.3,1162.5,61.6,2145.3,511.5,1681.2,216.75,MARUTI SUZUKI INDIA LTD
3,3/31/2013 0:00,44304.4,33031.8,-19.2,495.1,336.2,1120.2,3781.3,1193.1,830.1,1889.7,197.8,3070.1,621.5,2469.2,241.6,MARUTI SUZUKI INDIA LTD
4,3/31/2014 0:00,44541.8,31832.6,-20.4,595.7,312.9,1423.7,3705.8,1355.7,739.3,2116,184.5,3733.8,902.2,2852.9,362.4,MARUTI SUZUKI INDIA LTD
5,3/31/2015 0:00,50801.4,36075.6,460.9,713.8,304.4,1671,4318,1335.4,865,2515.3,217.8,4976,1185.4,3807.4,755,MARUTI SUZUKI INDIA LTD
6,3/31/2016 0:00,57589,38701.2,-4.8,694.1,427.8,2000.3,5367.3,1504.8,1599.5,2821.8,81.7,7584.7,2087.5,5497.2,1057,MARUTI SUZUKI INDIA LTD
7,3/31/2017 0:00,68085,47121.5,379.3,518.6,382.9,2360.3,6111.3,1611.6,2462.4,2603.9,89.4,10127.2,2616.2,7509.9,2265,MARUTI SUZUKI INDIA LTD
8,3/31/2018 0:00,79809.4,54945.3,-40.8,673.4,462.1,2863.4,6755.3,2005.7,2209.1,2759.8,345.8,11166.9,3286.2,7880,2416,MARUTI SUZUKI INDIA LTD
9,3/31/2019 0:00,86068.5,59346.6,-211.6,863.3,475.7,3285,8390.3,2492.8,2717.3,3020.8,75.9,10623.8,2973.2,7649.1,2416,MARUTI SUZUKI INDIA LTD
10,3/31/2020 0:00,75660,53402,238.7,699.5,378.1,3416.2,8456.3,2234,3452.8,3528.4,134.2,7102.8,1425.2,5676,1812,MARUTI SUZUKI INDIA LTD
1,3/31/2011 0:00,24105.89,15386.72,633.38,1170.07,2243.89,640.66,143.39,286.64,189.97,1559.71,1060.26,2437.9,778.52,1753.98,348.08,JSW STEEL LTD
2,3/31/2012 0:00,34368.05,22322.73,443.65,1751.87,3252.21,846.39,164.53,-323.33,-1443.5,1933.15,1427.3,1993.35,500.15,537.68,213.11,JSW STEEL LTD
3,3/31/2013 0:00,38209.65,24310.05,152.44,2041,2601.66,980.25,1546.01,388.5,-290.34,2237.48,1967.46,1999.34,845.25,963.11,284.15,JSW STEEL LTD
4,3/31/2014 0:00,51219.62,30437.37,192.18,3813.31,5665.08,1298.24,268.86,784.1,-1606.32,3182.61,3047.86,1308.05,920.08,451.95,333.02,JSW STEEL LTD
5,3/31/2015 0:00,52971.51,31140.42,1488.21,4123.1,6764.77,1532.84,372.65,1162.08,102.77,3434.49,3493.03,2539.11,819.41,1796.57,333.02,JSW STEEL LTD
6,3/31/2016 0:00,41546.17,21181.02,-1365.76,3657.88,5745.05,1518.67,332.82,1325.32,-1963.57,3322.56,3601.18,-2467.66,-1966.21,-335.43,225.68,JSW STEEL LTD
7,3/31/2017 0:00,55604,29749,1486,4883,6887,1700,323,1246,24,3430,3768,5128,1674,3523,677.25,JSW STEEL LTD
8,3/31/2018 0:00,71933,38781,-244,5697,8713,1843,277,1481,-158,3387,3701,7651,1538,6214,966.4,JSW STEEL LTD
9,3/31/2019 0:00,84757,43796,590,7053,10158,2489,602,2327,204,4041,3917,11168,3644,7639,1234.1,JSW STEEL LTD
10,3/31/2020 0:00,73326,39000,270,6274,9592,2839,1101,2982,-284,4246,4265,3013,-906,4030,602,JSW STEEL LTD
1,3/31/2011 0:00,51971.94,21359.25,497.87,563.79,12193.34,5254.32,3213.2,1079.81,1244.91,1318.88,1931.42,6800.71,2345.56,4463.66,882.83,LARSEN & TOUBRO LTD
2,3/31/2012 0:00,64254.68,26356.98,598.76,779.76,15182.47,6931.08,3686.77,1239.98,885.74,1580.29,3008.34,6973.51,2282.55,4702.36,1010.46,LARSEN & TOUBRO LTD
3,3/31/2013 0:00,74425.83,28248.57,1960.89,990.53,20610.85,8268.16,4839.43,1073.24,1561.33,1637.07,4642.28,7637.92,2385.54,5218.63,1138.49,LARSEN & TOUBRO LTD
4,3/31/2014 0:00,85054,29748.92,549.16,1157.69,24282.1,10501.29,4290.07,1543.31,1343.28,1445.82,6494.26,7482.98,2607.58,4922.81,1320.83,LARSEN & TOUBRO LTD
5,3/31/2015 0:00,91928.8,31969.24,712.68,1074.48,25223.66,11933.74,4772.61,1984.22,1422.44,2622.95,7265.78,7217.24,2253.24,4764.82,1510.52,LARSEN & TOUBRO LTD
6,3/31/2016 0:00,101122.48,35320.19,514.86,1243.45,28604.47,13333.69,5154.66,2274.42,998.57,1786.73,6898.68,8019.62,2436.96,4280.68,1699.99,LARSEN & TOUBRO LTD
7,3/31/2017 0:00,109311.81,36648.54,-84,1423.19,32976.99,13857.57,4273.19,3708.92,1746.54,2369.93,6828.66,8887.36,2006.59,6041.23,1306.13,LARSEN & TOUBRO LTD
8,3/31/2018 0:00,119683.16,40876.24,1315.23,1399.62,35464.04,15277.07,4576.99,1560.26,-267.9,2223.48,7713.63,11639.16,3198.87,7369.86,2242.16,LARSEN & TOUBRO LTD
9,3/31/2019 0:00,135220.29,46889.87,731.11,2205.6,38772.73,17475.35,5074.72,2667.31,2700.61,1923.03,9338.73,14304.67,4067.09,8905.13,2524.95,LARSEN & TOUBRO LTD
10,3/31/2020 0:00,145452.36,46705.87,-647.7,2079.84,38942.54,23125.64,5255.1,4109.29,2982.19,2462.27,11020.78,14085.52,3263.2,9549.03,2527.02,LARSEN & TOUBRO LTD
1,3/31/2011 0:00,36863.78,20450.61,452.77,601.8,1375.32,4222.27,3218.19,1361.33,535.67,972.4,1135.43,4514.87,1317.08,3079.73,675.33,MAHINDRA & MAHINDRA LTD
2,3/31/2012 0:00,59398.94,36642.93,1169.74,865.82,2048.66,6590.87,4407.99,2634.42,406.77,1801.67,1799.57,4183.52,1407.56,3126.66,736.3,MAHINDRA & MAHINDRA LTD
3,3/31/2013 0:00,68693.49,42020.17,128,936.88,2379.61,6819.07,5015.45,2535.87,842.79,2079.86,2297,5580.37,1934.63,4099.2,767.42,MAHINDRA & MAHINDRA LTD
4,3/31/2014 0:00,74000.93,45131.56,238.97,923.38,2586.08,6885.94,6000.42,2592.36,822.94,2169.57,2953.93,5819.6,1496.22,4666.93,826.45,MAHINDRA & MAHINDRA LTD
5,3/31/2015 0:00,71448,42575.56,-274.13,786.96,2553.39,7202.49,5990.62,3271.56,799.93,2123.83,3156.69,4312.7,1720.02,3137.47,709.68,MAHINDRA & MAHINDRA LTD
6,3/31/2016 0:00,75841.42,45584.35,458.51,639.97,2618.7,7689.4,5758.86,3926.21,1398.83,2441.65,3367.59,5672.03,2117.53,3148.43,648.96,MAHINDRA & MAHINDRA LTD
7,3/31/2017 0:00,83773.05,50655.2,13.83,657.06,3255.3,8910.63,6253.64,3320.22,2076.61,2812.72,3648.46,6350.26,2299.73,3698.04,807.43,MAHINDRA & MAHINDRA LTD
8,3/31/2018 0:00,92093.95,53457.29,-83.33,733.9,3590.26,10004.62,7591.15,3407.3,4366.41,3279.9,3987.09,10325.52,2367.73,7510.39,814.7,MAHINDRA & MAHINDRA LTD
9,3/31/2019 0:00,104720.68,61881.19,1730.48,817.11,4253,11242.08,9658.98,3737.25,3021.41,3990.77,5021.35,8870.84,2853.99,5315.46,924.73,MAHINDRA & MAHINDRA LTD
10,3/31/2020 0:00,95179.09,51732.78,-831.54,726.9,3987.9,11211.9,8155.44,6334.34,497.26,4976.29,6064.65,1654.61,1975.61,127.04,260.51,MAHINDRA & MAHINDRA LTD
1,3/31/2011 0:00,5973.11,,,,124.25,1523.45,1144.61,3202.65,5089.72,152.35,2668.24,2247.28,678.05,1566.74,36.84,KOTAK MAHINDRA BANK LTD
2,3/31/2012 0:00,8470.42,,,,147.96,1601.93,1206.91,2693.81,4542.91,164.33,4541.96,2656.43,805.9,1832.24,44.44,KOTAK MAHINDRA BANK LTD
3,3/31/2013 0:00,10837.87,,,,174.59,1773.96,1317.81,3336.39,5112.41,179.03,6024.49,3144.01,939.8,2188.46,52.26,KOTAK MAHINDRA BANK LTD
4,3/31/2014 0:00,11985.9,,,,202.76,1915.81,3317.99,1616.43,5282.39,207.86,6312.12,3695.32,1183.78,2464.99,61.63,KOTAK MAHINDRA BANK LTD
5,3/31/2015 0:00,13318.89,,,,253.21,2376.39,3643.65,3445.08,8152.2,236.89,6966.1,4549.77,1484.69,3045.45,69.51,KOTAK MAHINDRA BANK LTD
6,3/31/2016 0:00,20401.64,,,,365.52,3856.02,2459.24,4860.57,7630.73,344.51,11122.97,5023.54,1592.42,3458.85,91.72,KOTAK MAHINDRA BANK LTD
7,3/31/2017 0:00,22324.21,,,,425.53,3985.5,2639.15,7781.93,11659.56,362.21,11457.51,7331.94,2382.85,4940.43,110.45,KOTAK MAHINDRA BANK LTD
8,3/31/2018 0:00,25131.08,,,,484.15,4384.41,3281.15,8655.09,13682.23,383.43,12466.85,9158.23,3011.09,6200.97,133.39,KOTAK MAHINDRA BANK LTD
9,3/31/2019 0:00,29831.22,,,,511.17,4855.11,6746.62,7645.46,16147.89,458.42,15186.61,10575.72,3456.02,7204.13,152.7,KOTAK MAHINDRA BANK LTD
10,3/31/2020 0:00,33474.16,,,,581.02,5760.57,7574.91,8661.87,16891.58,464.89,15900.68,11421.8,2814.72,8593.36,,KOTAK MAHINDRA BANK LTD
1,3/31/2011 0:00,22565.76,8433.7,272.72,446.64,1004.83,1708.5,2884.71,670.57,536.1,699.09,91.67,7434.87,2365.45,5017.93,3443.45,ITC LTD
2,3/31/2012 0:00,26516.03,9729.93,85.74,476.74,1106.46,1935.11,3177.05,945.16,784.35,745.48,102.04,9168.15,2845.76,6258.14,3518.28,ITC LTD
3,3/31/2013 0:00,31618.33,12375.05,256.84,579.98,1213.67,2145.63,3543.86,821.69,877.6,859.11,108.13,11105.65,3412.07,7608.07,4148.44,ITC LTD
4,3/31/2014 0:00,35306.43,13353.03,112.74,644.96,1395.57,2504.24,3361.2,1085.48,970.95,964.92,29.17,13051.55,4060.93,8891.38,4771.92,ITC LTD
5,3/31/2015 0:00,38817.15,15007.9,235.72,610.67,1533.25,2772.28,3876.19,1028.12,1256.51,1027.96,90.96,14362.05,4596.42,9663.17,5009.69,ITC LTD
6,3/31/2016 0:00,39192.1,13763.88,195.38,571.88,1581.59,3440.97,4261.78,1235.89,1483.11,1077.4,78.13,14859.07,5358.21,9344.45,6840.12,ITC LTD
7,3/31/2017 0:00,42767.6,15456.59,-592.57,584.33,1683.9,3631.73,4179.74,1178.1,1767.5,1152.79,49.03,16026.32,5549.09,10289.44,5770.02,ITC LTD
8,3/31/2018 0:00,43448.94,14827.72,-1027.76,653.5,1697.62,3760.9,3954.87,1018.51,2252.34,1236.28,115.01,17409.11,5916.43,11271.2,6285.21,ITC LTD
9,3/31/2019 0:00,48339.58,17623.52,203.19,746.73,1871.01,4177.88,4546.39,1049.25,2089.84,1396.61,71.4,19149.82,6313.92,12592.33,7048.7,ITC LTD
10,3/31/2020 0:00,49387.7,18048.6,703.13,780.85,1908.29,4295.79,4488.63,1225.13,2417.32,1644.91,81.38,20034.57,4441.79,15306.23,12476.58,ITC LTD
1,3/31/2011 0:00,27501,,,167,1255,14862,2182,65,1211,854,2,9325,2490,6835,3432,INFOSYS LTD
2,3/31/2012 0:00,33734,,,184,1611,18348,2663,201,1904,928,4,11699,3367,8332,2688.4,INFOSYS LTD
3,3/31/2013 0:00,40352,,,215,2440,22573,3305,281,2365,1099,5,12799,3370,9429,2402.4,INFOSYS LTD
4,3/31/2014 0:00,50133,,,219,3157,28840,3591,936,2664,1317,9,14728,4072,10656,3603.6,INFOSYS LTD
5,3/31/2015 0:00,53319,,,219,3979,29811,3385,1042,3430,1017,12,17284,4911,12372,6806.8,INFOSYS LTD
6,3/31/2016 0:00,62441,,,217,5860,34415,4441,429,3120,1459,,18740,5251,13489,5548.4,INFOSYS LTD
7,3/31/2017 0:00,68484,,,228,6712,37669,4584,687,3050,1703,,19951,5598,14353,5891.6,INFOSYS LTD
8,3/31/2018 0:00,70522,,,207,7286,38902,4585,720,3311,1863,,20270,4241,16029,9465.6,INFOSYS LTD
9,3/31/2019 0:00,82675,,,221,9902,45323,5553,1506,2882,2011,,21041,5631,15404,9222.5,INFOSYS LTD
10,3/31/2020 0:00,90791,,,229,10997,50895,5464,939,2803,2893,170,22007,5368,16594,7427,INFOSYS LTD
1,3/31/2011 0:00,309797.02,277695.7,5613.77,2132.67,10679.09,6734.24,5830.94,-2304.66,3421.13,4932.62,3017.34,10113.98,2028.36,7830.72,2355.11,INDIAN OIL CORPORATION LTD
2,3/31/2012 0:00,408923,364880.18,3470.95,4083.24,11114.92,5296.99,6226.89,1270.54,-4268.28,5309.26,5948.33,3995.32,-269.95,4225.98,1286.81,INDIAN OIL CORPORATION LTD
3,3/31/2013 0:00,461779.51,420056.14,5515.07,5676.33,12734.39,7783.88,8287.42,-1135.63,3468.2,5691.5,7164.5,4504.25,876.95,4449.01,1602.45,INDIAN OIL CORPORATION LTD
4,3/31/2014 0:00,488344.93,433784.34,1243,6594.87,15041.43,7137.41,9933.84,1.92,5191.56,6359.99,5947.84,9977.85,3011.27,7085.59,2112.32,INDIAN OIL CORPORATION LTD
5,3/31/2015 0:00,449506.76,389529.56,-9854.11,6543.6,19480.72,7662.49,9035.93,-3158.57,5875.6,5219.01,4201.16,7014.35,2142.57,4912.02,1602.45,INDIAN OIL CORPORATION LTD
6,3/31/2016 0:00,346044.74,281445.34,-3578.2,4967.59,16506.74,7501.8,5194.97,3388.99,3796.25,5698.39,3487.21,18071.76,5658.44,12022.45,3317.54,INDIAN OIL CORPORATION LTD
7,3/31/2017 0:00,355379,290251.45,15092.13,4283.71,18258.85,10262.76,4069.69,9239.19,4399.33,6805.92,3743.09,27955.8,7570.4,19849.49,9004.75,INDIAN OIL CORPORATION LTD
8,3/31/2018 0:00,421491.82,335384.05,-1462.35,5184.8,20290.84,10680.7,5271.23,1559.89,4331.03,7663.54,3875.23,34450.22,11823.87,22189.45,19905.25,INDIAN OIL CORPORATION LTD
9,3/31/2019 0:00,528157.5,445642.35,3545.59,6742.21,22257.57,11596.28,5986,4216.98,4097.06,8506.45,4925.41,25926.9,8653.05,17376.7,8492.46,INDIAN OIL CORPORATION LTD
10,3/31/2020 0:00,484362.26,420543.85,5414.35,5647.81,24101.83,9336.93,5258.33,8431.99,-7148.26,9854.88,6629.74,-7177.01,-5300.69,-893.14,3901.94,INDIAN OIL CORPORATION LTD
