COMPANY NAME,Report Date,Sales,Expenses,Other Income,Depreciation,Interest,Profit before tax,Tax,Net profit,Operating Profit
INDUSIND BANK LTD,2018-09-30 00:00:00,5438.09,2118.39,1317.28,,3234.81,1402.17,481.92,920.25,3319.7
INDUSIND BANK LTD,2018-12-31 00:00:00,5763.47,2246.66,1468.85,,3475.38,1510.28,525.25,985.03,3516.81
INDUSIND BANK LTD,2019-03-31 00:00:00,5991.44,3284.37,1558.99,,3759.06,507,146.9,360.1,2707.07
INDUSIND BANK LTD,2019-06-30 00:00:00,6961.37,2346.9,1663.25,,4117.38,2160.34,727.84,1432.5,4614.47
INDUSIND BANK LTD,2019-09-30 00:00:00,7150.36,2773.97,1726.66,,4240.82,1862.23,478.86,1383.37,4376.39
INDUSIND BANK LTD,2019-12-31 00:00:00,7284.53,3161.23,1789.4,,4210.51,1702.19,401.99,1300.2,4123.3
INDUSIND BANK LTD,2020-03-31 00:00:00,7386.57,4607.34,1772,,4155.38,395.85,94.01,301.84,2779.23
INDUSIND BANK LTD,2020-06-30 00:00:00,7161.73,4225.93,1519.19,,3852.54,602.45,141.81,460.64,2935.8
INDUSIND BANK LTD,2020-09-30 00:00:00,7177.21,3965.74,1553.84,,3899.22,866.09,219.05,647.04,3211.47
INDUSIND BANK LTD,2020-12-31 00:00:00,7241.5,3991.8,1705.46,,3835.4,1119.76,267,852.76,3249.7
ICICI BANK LTD,2018-09-30 00:00:00,17224.2,20238.98,14690.62,,9396.9,2278.94,678.8,1204.62,-3014.78
ICICI BANK LTD,2018-12-31 00:00:00,18515.55,20407.41,14917.76,,10146.5,2879.4,643.91,1874.33,-1891.86
ICICI BANK LTD,2019-03-31 00:00:00,19503.73,24751.51,17280.52,,10352.05,1680.69,153.22,1170.36,-5247.78
ICICI BANK LTD,2019-06-30 00:00:00,20365.87,18651.92,13503.02,,11008.62,4208.35,1294.9,2513.69,1713.95
ICICI BANK LTD,2019-09-30 00:00:00,21106.28,20452.58,16318.5,,11334.69,5637.51,4052.99,1131.2,653.7
ICICI BANK LTD,2019-12-31 00:00:00,21622.94,20308.55,16748.01,,11297.12,6765.28,1651,4670.1,1314.39
ICICI BANK LTD,2020-03-31 00:00:00,21740.68,27118.92,18380.8,,11025.09,1977.47,364.25,1251.32,-5378.24
ICICI BANK LTD,2020-06-30 00:00:00,22422.71,22005,15516.61,,11347.02,4587.3,1000.39,3117.68,417.71
ICICI BANK LTD,2020-09-30 00:00:00,22226.49,21503.76,17094.93,,10944.95,6872.71,1446.38,4882.33,722.73
ICICI BANK LTD,2020-12-31 00:00:00,22213.88,22484.42,18240.57,,10412.04,7557.99,1538.21,5498.15,-270.54
HINDUSTAN UNILEVER LTD,2018-09-30 00:00:00,9490,7416,186,140,10,2110,637,1478,2074
HINDUSTAN UNILEVER LTD,2018-12-31 00:00:00,9841,7748,15,143,9,1956,512,1440,2093
HINDUSTAN UNILEVER LTD,2019-03-31 00:00:00,10201,7807,49,144,7,2292,718,1571,2394
HINDUSTAN UNILEVER LTD,2019-06-30 00:00:00,10364,7654,166,229,27,2620,825,1792,2710
HINDUSTAN UNILEVER LTD,2019-09-30 00:00:00,10105,7603,76,254,34,2290,472,1814,2502
HINDUSTAN UNILEVER LTD,2019-12-31 00:00:00,10103,7574,5,248,27,2259,628,1627,2529
HINDUSTAN UNILEVER LTD,2020-03-31 00:00:00,9211,7119,205,271,30,1996,484,1515,2092
HINDUSTAN UNILEVER LTD,2020-06-30 00:00:00,10731,8036,35,257,31,2442,545,1898,2695
HINDUSTAN UNILEVER LTD,2020-09-30 00:00:00,11683,8758,10,265,31,2639,665,1974,2925
HINDUSTAN UNILEVER LTD,2020-12-31 00:00:00,12181,9216,3,288,44,2636,698,1937,2965
HERO MOTOCORP LTD,2018-09-30 00:00:00,9167.86,7772.07,223.85,157.34,8.34,1453.96,471.97,976.95,1395.79
HERO MOTOCORP LTD,2018-12-31 00:00:00,7936.88,6827.5,207.51,158.21,9.05,1149.63,376.82,775.26,1109.38
HERO MOTOCORP LTD,2019-03-31 00:00:00,7953.1,6842.26,193.36,155.36,11.35,1137.49,350.68,771.44,1110.84
HERO MOTOCORP LTD,2019-06-30 00:00:00,8185.66,7012.54,970.21,242.46,10.98,1889.89,633.2,1252.22,1173.12
HERO MOTOCORP LTD,2019-09-30 00:00:00,7660.27,6516,118.45,209.71,13.79,1039.22,155.44,879.45,1144.27
HERO MOTOCORP LTD,2019-12-31 00:00:00,7074.53,6016.91,209.53,210.97,11.74,1044.44,139.31,901.81,1057.62
HERO MOTOCORP LTD,2020-03-31 00:00:00,6333.51,5660.26,157.03,182.62,10.13,637.53,23.72,604.63,673.25
HERO MOTOCORP LTD,2020-06-30 00:00:00,2969.08,2852.02,151.54,178.54,12.19,77.87,20.09,59.14,117.06
HERO MOTOCORP LTD,2020-09-30 00:00:00,9473.32,8165.06,146.9,183.46,10.71,1260.99,297.17,958.49,1308.26
HERO MOTOCORP LTD,2020-12-31 00:00:00,9827.05,8478.18,205.56,179.61,10.9,1363.92,334.75,1019.18,1348.87
HINDALCO INDUSTRIES LTD,2018-09-30 00:00:00,32507,28451,219,1161,962,2152,704,1448,4056
HINDALCO INDUSTRIES LTD,2018-12-31 00:00:00,33213,29402,271,1222,929,1931,537,1395,3811
HINDALCO INDUSTRIES LTD,2019-03-31 00:00:00,33745.62,30307.59,510.25,1248.14,975.45,1724.69,546.59,1178.14,3438.03
HINDALCO INDUSTRIES LTD,2019-06-30 00:00:00,29972,26526,300,1233,957,1556,493,1063,3446
HINDALCO INDUSTRIES LTD,2019-09-30 00:00:00,29657,26026,32,1249,922,1492,518,974,3631
HINDALCO INDUSTRIES LTD,2019-12-31 00:00:00,29197,25833,293,1287,889,1481,419,1062,3364
HINDALCO INDUSTRIES LTD,2020-03-31 00:00:00,29318,25478,306,1322,1429,1395,727,669,3840
HINDALCO INDUSTRIES LTD,2020-06-30 00:00:00,25283,23490,3,1544,992,-740,-31,-709,1793
HINDALCO INDUSTRIES LTD,2020-09-30 00:00:00,31237,27885,362,1708,982,1024,637,387,3352
HINDALCO INDUSTRIES LTD,2020-12-31 00:00:00,34958,29904,147,1655,861,2685,808,1877,5054
HDFC LIFE INSURANCE COMPANY LTD,2018-09-30 00:00:00,7945.53,7684.45,32.68,,,293.76,5.73,288.03,261.08
HDFC LIFE INSURANCE COMPANY LTD,2018-12-31 00:00:00,9372.36,9120.74,21.06,,,272.68,28.1,244.58,251.62
HDFC LIFE INSURANCE COMPANY LTD,2019-03-31 00:00:00,14191.21,14039.34,383.78,,,535.65,170.97,364.68,151.87
HDFC LIFE INSURANCE COMPANY LTD,2019-06-30 00:00:00,8614.94,8204.54,32.41,,,442.81,17.1,425.71,410.4
HDFC LIFE INSURANCE COMPANY LTD,2019-09-30 00:00:00,8740.1,8506.99,69.58,,,302.69,-6.29,308.98,233.11
HDFC LIFE INSURANCE COMPANY LTD,2019-12-31 00:00:00,11706.7,11458.05,62.2,,,310.85,59.76,251.09,248.65
HDFC LIFE INSURANCE COMPANY LTD,2020-03-31 00:00:00,340.98,137.6,203.21,,,406.59,94.94,311.65,203.38
HDFC LIFE INSURANCE COMPANY LTD,2020-06-30 00:00:00,14582.13,14138.49,38.57,,,482.21,31.67,450.54,443.64
HDFC LIFE INSURANCE COMPANY LTD,2020-09-30 00:00:00,16518.18,16223.79,51.24,,,345.63,17.8,327.83,294.39
HDFC LIFE INSURANCE COMPANY LTD,2020-12-31 00:00:00,21242.13,20981.73,46.4,,,306.8,43.36,263.44,260.4
HDFC BANK LTD,2018-09-30 00:00:00,25702.74,8691.26,4421.75,,13175.24,8257.99,2840.89,5322.41,17011.48
HDFC BANK LTD,2018-12-31 00:00:00,27434.29,9603.3,5288.48,,14062.52,9056.95,3159.08,5900.87,17830.99
HDFC BANK LTD,2019-03-31 00:00:00,28045.05,9615.62,5215.43,,14061.56,9583.3,3272.78,6300.81,18429.43
HDFC BANK LTD,2019-06-30 00:00:00,29176.45,10512.47,5148,,14977.15,8834.83,3144.03,5676.06,18663.98
HDFC BANK LTD,2019-09-30 00:00:00,30016.88,11143.53,6114.08,,15558.44,9428.99,2780.19,6638.03,18873.35
HDFC BANK LTD,2019-12-31 00:00:00,31200.92,12003.25,7124.78,,16073.27,10249.18,2589.22,7659.65,19197.67
HDFC BANK LTD,2020-03-31 00:00:00,31795.05,13076.74,6492.12,,15528.57,9681.86,2385.15,7280.22,18718.31
HDFC BANK LTD,2020-06-30 00:00:00,32351.61,11750.59,4346.98,,15608.49,9339.51,2398.63,6927.24,20601.02
HDFC BANK LTD,2020-09-30 00:00:00,31742.27,13027.59,6696.2,,15033.18,10377.7,2666.33,7702.86,18714.68
HDFC BANK LTD,2020-12-31 00:00:00,31851.6,13502.85,7987.13,,14522.68,11813.2,3053.01,8769.33,18348.75
GRASIM INDUSTRIES LTD,2018-09-30 00:00:00,16882.07,13547.72,-2060.05,805.74,1390.93,-922.37,377.49,-1446.04,3334.35
GRASIM INDUSTRIES LTD,2018-12-31 00:00:00,19471.44,15500.29,283.63,916.49,1609.53,1728.76,600.68,936.81,3971.15
GRASIM INDUSTRIES LTD,2019-03-31 00:00:00,22430.71,17564.88,148.48,952.77,1670.94,2390.6,807.48,1143.65,4865.83
GRASIM INDUSTRIES LTD,2019-06-30 00:00:00,20103.04,14709.3,173.27,1008.8,1760.06,2798.15,938.54,1237.38,5393.74
GRASIM INDUSTRIES LTD,2019-09-30 00:00:00,18400.17,14282.78,664.52,992.67,1763.85,2025.39,552.62,1001.67,4117.39
GRASIM INDUSTRIES LTD,2019-12-31 00:00:00,18616.76,14779.63,271.72,993.57,1669.72,1445.56,405.74,680.21,3837.13
GRASIM INDUSTRIES LTD,2020-03-31 00:00:00,19901.54,15810.06,-962.44,1036.92,1712.47,379.65,-1925.54,1505.87,4091.48
GRASIM INDUSTRIES LTD,2020-06-30 00:00:00,13611.03,10311,185.39,985.72,1555.11,944.59,323.85,236.56,3300.03
GRASIM INDUSTRIES LTD,2020-09-30 00:00:00,17943.73,13528.23,318.2,1006.86,1454.53,2272.31,675.94,966.82,4415.5
GRASIM INDUSTRIES LTD,2020-12-31 00:00:00,20986.35,15906.82,422.21,1007.15,1364.78,3129.81,977.48,1383.96,5079.53
HOUSING DEVELOPMENT FINANCE CORPORATION LTD,2018-09-30 00:00:00,22908.31,11964.06,3827.78,31.85,7426.68,7313.5,1216.65,5759.19,10944.25
HOUSING DEVELOPMENT FINANCE CORPORATION LTD,2018-12-31 00:00:00,24587.35,13154.03,678.93,45.97,7745.07,4321.21,944.16,3038.33,11433.32
HOUSING DEVELOPMENT FINANCE CORPORATION LTD,2019-03-31 00:00:00,28747.3,17116.46,2159.78,21.63,7663.3,6105.69,1294.41,4491.98,11630.84
HOUSING DEVELOPMENT FINANCE CORPORATION LTD,2019-06-30 00:00:00,23182.45,11682.95,1333.02,49.85,8203.31,4579.36,1039.64,3094.38,11499.5
HOUSING DEVELOPMENT FINANCE CORPORATION LTD,2019-09-30 00:00:00,32823.68,13714.94,1228.21,54.21,8220.57,12062.17,1313.48,10388.61,19108.74
HOUSING DEVELOPMENT FINANCE CORPORATION LTD,2019-12-31 00:00:00,29071.94,18171.23,1652.99,67.78,7885.13,4600.79,404.31,3835.38,10900.71
HOUSING DEVELOPMENT FINANCE CORPORATION LTD,2020-03-31 00:00:00,16600.08,5414.07,1649.63,84.27,7800.44,4950.93,610.35,4115.2,11186.01
HOUSING DEVELOPMENT FINANCE CORPORATION LTD,2020-06-30 00:00:00,29953.57,18715.46,1606.58,86.31,7942.45,4815.93,757.4,3613.6,11238.11
HOUSING DEVELOPMENT FINANCE CORPORATION LTD,2020-09-30 00:00:00,34082.97,22218.89,1649.91,89.35,7518.34,5906.3,870.89,4599.68,11864.08
HOUSING DEVELOPMENT FINANCE CORPORATION LTD,2020-12-31 00:00:00,39259.06,27171.84,1768.85,90.82,6954.48,6810.77,1086.54,5176.76,12087.22
HCL TECHNOLOGIES LTD,2018-09-30 00:00:00,14860,11397,284,511,30,3206,672,2534,3463
HCL TECHNOLOGIES LTD,2018-12-31 00:00:00,15699,12067,134,541,55,3170,565,2605,3632
HCL TECHNOLOGIES LTD,2019-03-31 00:00:00,15990,12396,200,545,69,3180,630,2550,3594
HCL TECHNOLOGIES LTD,2019-06-30 00:00:00,16427,12857,183,735,87,2931,701,2230,3570
HCL TECHNOLOGIES LTD,2019-09-30 00:00:00,17527,13268,102,747,136,3478,767,2711,4259
HCL TECHNOLOGIES LTD,2019-12-31 00:00:00,18135,13506,157,942,158,3686,742,2944,4629
HCL TECHNOLOGIES LTD,2020-03-31 00:00:00,18587,13729,147,996,124,3885,713,3172,4858
HCL TECHNOLOGIES LTD,2020-06-30 00:00:00,17842,13085,295,1065,125,3862,927,2931,4757
HCL TECHNOLOGIES LTD,2020-09-30 00:00:00,18594,13476,199,1092,80,4145,999,3143,5118
HCL TECHNOLOGIES LTD,2020-12-31 00:00:00,19302,13678,189,1187,147,4479,502,3977,5624
GAIL (INDIA) LTD,2018-09-30 00:00:00,19342.88,16565.53,357.98,385.47,49.02,2700.84,911.86,1787.16,2777.35
GAIL (INDIA) LTD,2018-12-31 00:00:00,20217.54,17417.49,287.95,385.21,32.92,2669.87,872.83,1794.96,2800.05
GAIL (INDIA) LTD,2019-03-31 00:00:00,19065.47,17309.97,982.93,487.29,24.32,2226.82,703.09,1522.02,1755.5
GAIL (INDIA) LTD,2019-06-30 00:00:00,18467.44,16109.83,416.75,436.91,29.99,2307.46,803.79,1501.95,2357.61
GAIL (INDIA) LTD,2019-09-30 00:00:00,18235.45,16581.31,553.6,468.51,32.76,1706.47,538.89,1167.07,1654.14
GAIL (INDIA) LTD,2019-12-31 00:00:00,17882.74,15711.41,1210.4,534.85,30.57,2816.31,786.8,2024.66,2171.33
GAIL (INDIA) LTD,2020-03-31 00:00:00,17922.79,15080.86,1612.28,639.89,215.62,3598.7,-1215.18,4728.37,2841.93
GAIL (INDIA) LTD,2020-06-30 00:00:00,12174.15,11480.42,608.68,521.11,52.56,728.74,85.77,654.33,693.73
GAIL (INDIA) LTD,2020-09-30 00:00:00,13796.29,12373.21,586.45,545.87,31.66,1432,363.84,1111.78,1423.08
GAIL (INDIA) LTD,2020-12-31 00:00:00,15663.59,13419.05,699.62,560.91,37.4,2345.85,448.81,1883.61,2244.54
EICHER MOTORS LTD,2018-09-30 00:00:00,2408.17,1696.4,171.12,72.16,1.78,808.95,260.19,548.76,711.77
EICHER MOTORS LTD,2018-12-31 00:00:00,2341.06,1661.53,188.6,76.84,1.88,789.41,256.46,532.95,679.53
EICHER MOTORS LTD,2019-03-31 00:00:00,2500.08,1815.39,218.17,81.13,2.14,819.59,274.75,544.84,684.69
EICHER MOTORS LTD,2019-06-30 00:00:00,2381.92,1767.45,141.25,87.6,4.67,663.45,211.68,451.77,614.47
EICHER MOTORS LTD,2019-09-30 00:00:00,2192.47,1651.04,153.33,89.83,4.42,600.51,27.82,572.69,541.43
EICHER MOTORS LTD,2019-12-31 00:00:00,2371.01,1778.74,151.27,95.19,4.26,644.09,145.39,498.7,592.27
EICHER MOTORS LTD,2020-03-31 00:00:00,2208.18,1790.01,143.12,108.92,5.53,446.84,142.56,304.28,418.17
EICHER MOTORS LTD,2020-06-30 00:00:00,818.16,879.77,114.23,98.2,5.09,-50.67,4.51,-55.18,-61.61
EICHER MOTORS LTD,2020-09-30 00:00:00,2133.6,1666.4,99.98,104.83,3.82,458.53,115.19,343.34,467.2
EICHER MOTORS LTD,2020-12-31 00:00:00,2828.26,2156.24,156.42,122.9,3.6,701.94,169.35,532.59,672.02
DR REDDY'S LABORATORIES LTD,2018-09-30 00:00:00,3817.5,3058.2,139.1,278.6,20.8,599,80.7,518.3,759.3
DR REDDY'S LABORATORIES LTD,2018-12-31 00:00:00,3864.6,3060,111.2,290.3,24.1,601.4,101.1,500.3,804.6
DR REDDY'S LABORATORIES LTD,2019-03-31 00:00:00,4029.6,3210.7,99,287.2,24.5,606.2,150.8,455.4,818.9
DR REDDY'S LABORATORIES LTD,2019-06-30 00:00:00,3858.2,3116.5,446.4,289,29.8,869.3,192.8,676.5,741.7
DR REDDY'S LABORATORIES LTD,2019-09-30 00:00:00,4812.8,3749,65.7,313.1,30.3,786.1,-320.7,1106.8,1063.8
DR REDDY'S LABORATORIES LTD,2019-12-31 00:00:00,4397.1,4685.8,84.9,286.9,15.2,-505.9,32.5,-538.4,-288.7
DR REDDY'S LABORATORIES LTD,2020-03-31 00:00:00,4448.9,3499.7,84.1,274.1,23,736.2,-44.9,781.1,949.2
DR REDDY'S LABORATORIES LTD,2020-06-30 00:00:00,4426.5,3305.2,94.8,292.3,23.3,900.5,305.9,594.6,1121.3
DR REDDY'S LABORATORIES LTD,2020-09-30 00:00:00,4910.9,3754.8,58.5,316.5,25.2,872.9,101.1,771.8,1156.1
DR REDDY'S LABORATORIES LTD,2020-12-31 00:00:00,4941.9,4402.6,85.6,311.2,18.8,294.9,267,27.9,539.3
COAL INDIA LTD,2018-09-30 00:00:00,21884,17562.26,1602.35,806.87,0.81,5116.41,2031.71,3084.54,4321.74
COAL INDIA LTD,2018-12-31 00:00:00,25045.83,18258.02,1164.37,861.08,61.96,7029.14,2462.33,4566.85,6787.81
COAL INDIA LTD,2019-03-31 00:00:00,28584.98,20347.8,1782.91,1037.17,90.57,8892.35,2865.88,6025.38,8237.18
COAL INDIA LTD,2019-06-30 00:00:00,24938.99,18327.35,1150.21,734.28,16.57,7011,2381.13,4629.67,6611.64
COAL INDIA LTD,2019-09-30 00:00:00,20382.63,16772.82,1630.31,793.01,169.96,4277.15,754.25,3522.7,3609.81
COAL INDIA LTD,2019-12-31 00:00:00,23190.49,18222.05,1412.75,894.15,151.27,5335.77,1413.96,3923.87,4968.44
COAL INDIA LTD,2020-03-31 00:00:00,27568.23,20839.49,1913.18,1029.4,165.12,7447.4,2821.64,4637.95,6728.74
COAL INDIA LTD,2020-06-30 00:00:00,18486.77,15436.15,785.06,852.6,182.95,2800.13,722.62,2079.6,3050.62
COAL INDIA LTD,2020-09-30 00:00:00,21153.07,17178.2,1085.54,852.31,147.31,4060.79,1109.19,2948.12,3974.87
COAL INDIA LTD,2020-12-31 00:00:00,23686.03,18521.23,648.74,915.93,155.41,4742.2,1658.1,3085.39,5164.8
DIVI'S LABORATORIES LTD,2018-09-30 00:00:00,1323.93,802.44,80.43,42.41,0.24,559.27,155.55,403.72,521.49
DIVI'S LABORATORIES LTD,2018-12-31 00:00:00,1359.96,827.09,34.43,42.5,2.52,522.28,132.9,389.38,532.87
DIVI'S LABORATORIES LTD,2019-03-31 00:00:00,1267.13,850.73,40.84,42.37,0.1,414.77,122.8,291.97,416.4
DIVI'S LABORATORIES LTD,2019-06-30 00:00:00,1162.88,775.74,30.32,43.83,0.32,373.31,100.87,272.44,387.14
DIVI'S LABORATORIES LTD,2019-09-30 00:00:00,1445.57,955.01,47.03,45.93,3.79,487.87,131.09,356.78,490.56
DIVI'S LABORATORIES LTD,2019-12-31 00:00:00,1396.26,902.36,41.67,46.7,1.55,487.32,128.23,359.09,493.9
DIVI'S LABORATORIES LTD,2020-03-31 00:00:00,1389.71,945.26,76.73,49.78,0.44,470.96,82.73,388.23,444.45
DIVI'S LABORATORIES LTD,2020-06-30 00:00:00,1730.47,1030.39,17.33,56.2,0.23,660.98,168.92,492.06,700.08
DIVI'S LABORATORIES LTD,2020-09-30 00:00:00,1749.3,1008.16,13.64,61.13,0.16,693.49,173.9,519.59,741.14
DIVI'S LABORATORIES LTD,2020-12-31 00:00:00,1701.44,1010.23,19.32,68.18,0.27,642.08,171.46,470.62,691.21
CIPLA LTD,2018-09-30 00:00:00,4011.9,3309.68,132.57,281.9,44.37,508.52,142.39,377.05,702.22
CIPLA LTD,2018-12-31 00:00:00,4007.54,3299.87,78.53,293.13,44.19,448.88,125.68,332.2,707.67
CIPLA LTD,2019-03-31 00:00:00,4403.98,3442.93,95.36,510.28,44.78,501.35,127.75,367.2,961.05
CIPLA LTD,2019-06-30 00:00:00,3989.02,3084.38,78.37,268,52.12,662.89,192.24,478.19,904.64
CIPLA LTD,2019-09-30 00:00:00,4395.78,3486.28,100.52,282.96,46.07,680.99,200.55,471.35,909.5
CIPLA LTD,2019-12-31 00:00:00,4371,3612.67,72.13,277.89,46.17,506.4,152.82,351.03,758.33
CIPLA LTD,2020-03-31 00:00:00,4376.19,3742.67,93.18,345.8,53,327.9,85.59,245.95,633.52
CIPLA LTD,2020-06-30 00:00:00,4346.16,3297.42,65.45,268.98,46,799.21,227.78,577.91,1048.74
CIPLA LTD,2020-09-30 00:00:00,5038.29,3861.72,53.47,265.06,39.33,925.65,263.8,665.43,1176.57
CIPLA LTD,2020-12-31 00:00:00,5168.69,3937.81,86.94,248.43,47.92,1021.47,268.96,748.15,1230.88
BHARTI AIRTEL LTD,2018-09-30 00:00:00,20147.8,14023.5,99.6,5236.6,2985.7,-1998.4,-2247.6,118.8,6124.3
BHARTI AIRTEL LTD,2018-12-31 00:00:00,20231.1,14110.7,1496.9,5472.3,1944.8,200.2,-182.4,86.2,6120.4
BHARTI AIRTEL LTD,2019-03-31 00:00:00,20602.2,13992.6,2129.6,5493.4,2532.3,713.5,137.4,107.2,6609.6
BHARTI AIRTEL LTD,2019-06-30 00:00:00,20737.9,12503.8,-1081.8,6758.7,3392.8,-2999.2,-607,-2866,8234.1
BHARTI AIRTEL LTD,2019-09-30 00:00:00,21131.3,12294.1,-30048.9,6935.1,3187.2,-31334,-8503.9,-23044.9,8837.2
BHARTI AIRTEL LTD,2019-12-31 00:00:00,21343.6,12828.7,-36.4,6817.8,3289.3,-1628.6,-1163.7,-1035.3,8514.9
BHARTI AIRTEL LTD,2020-03-31 00:00:00,23722.7,13557.5,-5990.5,7055,4130.2,-7010.5,-2033.5,-5237,10165.2
BHARTI AIRTEL LTD,2020-06-30 00:00:00,23938.7,13530.8,-11098.6,7226.8,3456.2,-11373.7,3817.5,-15933.1,10407.9
BHARTI AIRTEL LTD,2020-09-30 00:00:00,25060.4,14283.3,680.1,7286.2,3791.4,379.6,413.5,-763.2,10777.1
BHARTI AIRTEL LTD,2020-12-31 00:00:00,26517.8,14685.4,5299.4,7503.1,3971.9,5656.8,4306.7,853.6,11832.4
BAJAJ FINSERV LTD,2018-09-30 00:00:00,9698.14,6295.65,0.25,52.07,1540.28,1810.39,619.8,704.01,3402.49
BAJAJ FINSERV LTD,2018-12-31 00:00:00,11141.05,7076.18,1.02,59.88,1781.99,2224.02,803.22,850.52,4064.87
BAJAJ FINSERV LTD,2019-03-31 00:00:00,12994.14,8910.52,1.33,71.17,1883.71,2130.07,696.13,838.74,4083.62
BAJAJ FINSERV LTD,2019-06-30 00:00:00,12271.66,7865.99,0.6,97.48,2053.55,2255.24,801.03,845.34,4405.67
BAJAJ FINSERV LTD,2019-09-30 00:00:00,14221.86,9168.59,2.36,116.03,2313.24,2626.36,605.13,1203.72,5053.27
BAJAJ FINSERV LTD,2019-12-31 00:00:00,14556.92,9396.17,2.01,116.19,2419.41,2627.16,649.11,1125.64,5160.75
BAJAJ FINSERV LTD,2020-03-31 00:00:00,13294.25,9823.06,1.13,127.09,2552.33,792.9,252.79,194.43,3471.19
BAJAJ FINSERV LTD,2020-06-30 00:00:00,14189.99,9103.32,2.02,125.38,2395.23,2568.08,645.86,1215.15,5086.67
BAJAJ FINSERV LTD,2020-09-30 00:00:00,15049.58,10440.78,2.01,114.01,2340.2,2156.6,538.33,986.29,4608.8
BAJAJ FINSERV LTD,2020-12-31 00:00:00,15958.53,10799.3,2.19,123.84,2258.42,2779.16,697.31,1289.96,5159.23
BRITANNIA INDUSTRIES LTD,2018-09-30 00:00:00,2869.59,2415.28,43.96,36.93,2.42,458.92,155.89,302.97,454.31
BRITANNIA INDUSTRIES LTD,2018-12-31 00:00:00,2842.44,2391.23,60,42.41,2.98,465.82,165.75,300.69,451.21
BRITANNIA INDUSTRIES LTD,2019-03-31 00:00:00,2798.96,2362.68,61.79,46.9,1.25,449.92,155.65,297.23,436.28
BRITANNIA INDUSTRIES LTD,2019-06-30 00:00:00,2700.35,2305.69,51.86,44.78,10.1,391.64,143,251.03,394.66
BRITANNIA INDUSTRIES LTD,2019-09-30 00:00:00,3048.84,2556.64,67.04,44.86,16.14,498.24,95.51,404.22,492.2
BRITANNIA INDUSTRIES LTD,2019-12-31 00:00:00,2982.68,2480.64,65.48,46.7,23.67,497.15,127.27,372.63,502.04
BRITANNIA INDUSTRIES LTD,2020-03-31 00:00:00,2867.7,2413.42,78.45,48.47,26.99,457.27,84.92,374.75,454.28
BRITANNIA INDUSTRIES LTD,2020-06-30 00:00:00,3420.67,2703.74,93.69,47.96,25.61,737.05,194.37,545.7,716.93
BRITANNIA INDUSTRIES LTD,2020-09-30 00:00:00,3419.11,2743.72,73.09,48.49,29.81,670.18,174.98,498.13,675.39
BRITANNIA INDUSTRIES LTD,2020-12-31 00:00:00,3165.61,2554.09,82.58,48.58,31.79,613.73,161.09,455.75,611.52
BAJAJ FINANCE LTD,2018-09-30 00:00:00,4261.36,1239.98,11.94,33.38,1565.43,1434.51,511.04,923.47,3021.38
BAJAJ FINANCE LTD,2018-12-31 00:00:00,4985.39,1529.59,6.68,41.09,1785.72,1635.67,576.11,1059.56,3455.8
BAJAJ FINANCE LTD,2019-03-31 00:00:00,5294.49,1532.24,3.52,40.82,1913.32,1811.63,635.57,1176.06,3762.25
BAJAJ FINANCE LTD,2019-06-30 00:00:00,5805.48,1780.01,2.28,62.97,2113.36,1851.42,656.17,1195.25,4025.47
BAJAJ FINANCE LTD,2019-09-30 00:00:00,6322.17,1906.52,0.93,70.73,2323.42,2022.43,516.14,1506.29,4415.65
BAJAJ FINANCE LTD,2019-12-31 00:00:00,7019.57,2289.22,4.37,75.62,2489.03,2170.07,555.96,1614.11,4730.35
BAJAJ FINANCE LTD,2020-03-31 00:00:00,7226.58,3319.92,4.25,85.31,2547.4,1278.2,330.1,948.1,3906.66
BAJAJ FINANCE LTD,2020-06-30 00:00:00,6648.2,2758.2,1.54,84.22,2497.63,1309.69,347.37,962.32,3890
BAJAJ FINANCE LTD,2020-09-30 00:00:00,6513.16,2784.77,6.74,71.52,2358.14,1305.47,340.59,964.88,3728.39
BAJAJ FINANCE LTD,2020-12-31 00:00:00,6656.12,2661.64,2.35,79.64,2362.68,1554.51,408.53,1145.98,3994.48
BHARAT PETROLEUM CORPORATION LTD,2018-09-30 00:00:00,72466.27,69187.41,576.23,833.74,488.71,2532.64,910.13,1463.42,3278.86
BHARAT PETROLEUM CORPORATION LTD,2018-12-31 00:00:00,79698.52,78213.67,797.74,804.35,458.9,1019.34,320.72,523.27,1484.85
BHARAT PETROLEUM CORPORATION LTD,2019-03-31 00:00:00,74255.73,68496.19,580.17,977.34,400.58,4961.79,1830.13,2912.04,5759.54
BHARAT PETROLEUM CORPORATION LTD,2019-06-30 00:00:00,76325.39,73343.55,936.56,977.3,566.08,2375.02,575.43,1623.75,2981.84
BHARAT PETROLEUM CORPORATION LTD,2019-09-30 00:00:00,64289.5,61440.89,725.78,1017.15,755.79,1801.45,167.13,1502.63,2848.61
BHARAT PETROLEUM CORPORATION LTD,2019-12-31 00:00:00,74959.18,71857.48,1003.01,1045.04,625.66,2434.01,382.58,1776.35,3101.7
BHARAT PETROLEUM CORPORATION LTD,2020-03-31 00:00:00,68997.83,69577.68,-646.15,1043.43,689.48,-2958.91,-1139.35,-1847.37,-579.85
BHARAT PETROLEUM CORPORATION LTD,2020-06-30 00:00:00,37999.25,33739.38,584.78,1072.77,691.13,3080.75,893.01,2035.39,4259.87
BHARAT PETROLEUM CORPORATION LTD,2020-09-30 00:00:00,49408.6,44215.13,-14.01,1064.98,107.8,4006.68,1417.16,2263.05,5193.47
BHARAT PETROLEUM CORPORATION LTD,2020-12-31 00:00:00,66074.93,61347.46,249.25,1072.81,345.4,3558.51,1657.88,1565.23,4727.47
BAJAJ AUTO LTD,2018-09-30 00:00:00,8036.34,6623.03,415.25,71.51,0.31,1756.74,500.17,1256.57,1413.31
BAJAJ AUTO LTD,2018-12-31 00:00:00,7435.8,6224,533.14,63.38,3.57,1677.99,457.22,1220.77,1211.8
BAJAJ AUTO LTD,2019-03-31 00:00:00,7420.6,6194.17,813.45,60.83,0.29,1978.76,570.27,1408.49,1226.43
BAJAJ AUTO LTD,2019-06-30 00:00:00,7755.82,6567.32,337.45,60.14,0.54,1465.27,453.11,1012.17,1188.5
BAJAJ AUTO LTD,2019-09-30 00:00:00,7707.32,6428.49,513.56,61.34,1.24,1729.81,206.49,1523.31,1278.83
BAJAJ AUTO LTD,2019-12-31 00:00:00,7639.66,6272.55,427.16,61.68,0.47,1732.12,409.68,1322.44,1367.11
BAJAJ AUTO LTD,2020-03-31 00:00:00,6815.85,5563.27,576.53,63.27,0.91,1764.93,410.94,1353.99,1252.58
BAJAJ AUTO LTD,2020-06-30 00:00:00,3079.24,2803.24,337.88,63.79,0.95,549.14,153.63,395.51,276
BAJAJ AUTO LTD,2020-09-30 00:00:00,7155.86,5890.14,342.08,64.32,2.65,1540.83,346.86,1193.97,1265.72
BAJAJ AUTO LTD,2020-12-31 00:00:00,8909.88,7181.22,530.14,65.02,1.02,2192.76,476.5,1716.26,1728.66
ADANI PORTS & SPECIAL ECONOMIC ZONE LTD,2018-09-30 00:00:00,2608.01,1475.01,314.31,351.99,295.77,799.55,185.32,605.5,1133
ADANI PORTS & SPECIAL ECONOMIC ZONE LTD,2018-12-31 00:00:00,2823.91,612.48,344.97,342.9,392.59,1820.91,401.95,1408.6,2211.43
ADANI PORTS & SPECIAL ECONOMIC ZONE LTD,2019-03-31 00:00:00,3082.49,1041.28,341.28,356.09,443.01,1583.39,269.2,1285.38,2041.21
ADANI PORTS & SPECIAL ECONOMIC ZONE LTD,2019-06-30 00:00:00,2794.47,948.08,363.84,390.67,457.59,1361.97,333.28,1022.42,1846.39
ADANI PORTS & SPECIAL ECONOMIC ZONE LTD,2019-09-30 00:00:00,2821.16,1510.07,505.75,410.39,520.1,886.35,-172.85,1054.15,1311.09
ADANI PORTS & SPECIAL ECONOMIC ZONE LTD,2019-12-31 00:00:00,3336.25,1194.61,494.18,429.67,467.28,1738.87,382.44,1352.17,2141.64
ADANI PORTS & SPECIAL ECONOMIC ZONE LTD,2020-03-31 00:00:00,2921.19,2285.72,438.98,449.55,368.17,256.73,-83.48,334.39,635.47
ADANI PORTS & SPECIAL ECONOMIC ZONE LTD,2020-06-30 00:00:00,2292.69,899.02,456.77,454.67,452.83,942.94,185.11,758.02,1393.67
ADANI PORTS & SPECIAL ECONOMIC ZONE LTD,2020-09-30 00:00:00,2902.52,606.8,520.64,461.82,557.02,1797.52,403.83,1387,2295.72
ADANI PORTS & SPECIAL ECONOMIC ZONE LTD,2020-12-31 00:00:00,3746.49,1055.97,528.3,594.06,612.26,2012.5,435.97,1561.47,2690.52
ASIAN PAINTS LTD,2018-09-30 00:00:00,4615.49,3771.79,72.84,143.61,25.74,747.19,242.45,491.58,843.7
ASIAN PAINTS LTD,2018-12-31 00:00:00,5263.04,4159.45,64.64,164.98,29.07,974.18,326.9,635.83,1103.59
ASIAN PAINTS LTD,2019-03-31 00:00:00,4991.5,4108.14,63.1,178.56,29.6,738.3,252.31,471.65,883.36
ASIAN PAINTS LTD,2019-06-30 00:00:00,5104.72,3948.85,85.71,191.75,26.66,1023.17,351.08,655.44,1155.87
ASIAN PAINTS LTD,2019-09-30 00:00:00,5050.66,4098.72,120.54,197.17,25.94,849.37,7.23,823.41,951.94
ASIAN PAINTS LTD,2019-12-31 00:00:00,5420.28,4230.89,89.04,197.08,24.07,1057.28,277.57,764.43,1189.39
ASIAN PAINTS LTD,2020-03-31 00:00:00,4635.59,3775.97,59.76,194.5,25.66,699.22,218.97,461.89,859.62
ASIAN PAINTS LTD,2020-06-30 00:00:00,2922.66,2452.69,47.09,191.17,20.13,305.76,86.15,218.45,469.97
ASIAN PAINTS LTD,2020-09-30 00:00:00,5350.23,4085.03,94.41,193.58,20.51,1145.52,293.62,830.37,1265.2
ASIAN PAINTS LTD,2020-12-31 00:00:00,6788.47,5000.58,123.17,193.17,21.13,1696.76,431.41,1238.34,1787.89
AXIS BANK LTD,2018-09-30 00:00:00,13535.76,7013.88,2986.62,,8202.42,1306.08,427.87,877.61,6521.88
AXIS BANK LTD,2018-12-31 00:00:00,14412.2,7328.33,4220.92,,8684.11,2620.68,851.93,1767.82,7083.87
AXIS BANK LTD,2019-03-31 00:00:00,15094.47,7129.3,3856.38,,9257.41,2564.14,886.24,1671.3,7965.17
AXIS BANK LTD,2019-06-30 00:00:00,15534.82,7818.62,3874.27,,9564.49,2025.98,763,1261.4,7716.2
AXIS BANK LTD,2019-09-30 00:00:00,15712.66,7842.37,4173.7,,9481.3,2562.69,2580.83,-21.58,7870.29
AXIS BANK LTD,2019-12-31 00:00:00,15965.1,8134.25,4010.89,,9392.79,2448.95,564.95,1875.72,7830.85
AXIS BANK LTD,2020-03-31 00:00:00,16503.1,12986.45,4283.13,,9557.36,-1757.58,-507.49,-1262.43,3516.65
AXIS BANK LTD,2020-06-30 00:00:00,16799.19,8319.9,2662.58,,9683.42,1458.45,350.35,1099.52,8479.29
AXIS BANK LTD,2020-09-30 00:00:00,16299.76,9033.39,4147.03,,8863.38,2550.02,700.97,1836.66,7266.37
AXIS BANK LTD,2020-12-31 00:00:00,15756.99,9874.62,4153.94,,8251.9,1784.41,449.57,1317.91,5882.37
ULTRATECH CEMENT LTD,2018-09-30 00:00:00,9249.26,7828.11,142.77,623.98,416.36,523.58,167.76,356.9,1421.15
ULTRATECH CEMENT LTD,2018-12-31 00:00:00,10444.08,8869.28,112.55,638.13,478.35,570.87,196.8,376.71,1574.8
ULTRATECH CEMENT LTD,2019-03-31 00:00:00,12370.61,9829.59,150.45,640.89,504.57,1546.01,460.54,1084.05,2541.02
ULTRATECH CEMENT LTD,2019-06-30 00:00:00,11419.74,8470.45,135.04,688.38,502.89,1893.06,611.79,1281.05,2949.29
ULTRATECH CEMENT LTD,2019-09-30 00:00:00,9620.47,7702.62,147.53,668.42,507.12,889.84,311.29,579.1,1917.85
ULTRATECH CEMENT LTD,2019-12-31 00:00:00,10439.34,8461.09,169.09,677.99,472,997.35,286.18,711.84,1978.25
ULTRATECH CEMENT LTD,2020-03-31 00:00:00,10744.72,8303.49,197.93,672.36,504.83,1461.97,-1777.42,3242.77,2441.23
ULTRATECH CEMENT LTD,2020-06-30 00:00:00,7633.75,5559.4,121.46,646.18,393.02,1156.61,360.3,797.43,2074.35
ULTRATECH CEMENT LTD,2020-09-30 00:00:00,10387.14,7689.46,213.5,677.09,357.88,1876.21,566.15,1309.33,2697.68
ULTRATECH CEMENT LTD,2020-12-31 00:00:00,12254.12,9159.87,267.91,673.91,356.27,2331.98,747.4,1584.34,3094.25
WIPRO LTD,2018-09-30 00:00:00,14567.9,12191.1,637.3,436.8,156.9,2420.4,534.7,1889,2376.8
WIPRO LTD,2018-12-31 00:00:00,15059.5,11766.5,628,517.1,162.7,3241.2,696.7,2510.4,3293
WIPRO LTD,2019-03-31 00:00:00,15160.9,11902.7,754.4,559.3,253,3200.3,706.4,2483.5,3258.2
WIPRO LTD,2019-06-30 00:00:00,14786,11840.6,780.5,495.3,158.4,3072.2,669.9,2387.6,2945.4
WIPRO LTD,2019-09-30 00:00:00,15130.6,12035,744.8,481.2,224.7,3134.5,573.2,2552.7,3095.6
WIPRO LTD,2019-12-31 00:00:00,15470.5,12290.4,613.1,529.4,184.4,3079.4,616.4,2455.9,3180.1
WIPRO LTD,2020-03-31 00:00:00,15750.5,12631.1,591.3,579.6,165.3,2965.8,620.6,2326.1,3119.4
WIPRO LTD,2020-06-30 00:00:00,14922.8,11734.1,651.7,615.2,129.9,3095.3,683.8,2390.4,3188.7
WIPRO LTD,2020-09-30 00:00:00,15096.7,11659.6,554.7,657.8,126.7,3207.3,722.9,2465.7,3437.1
WIPRO LTD,2020-12-31 00:00:00,15670,11552.6,664.2,791.2,140,3850.4,852.6,2968,4117.4
UPL LTD,2018-09-30 00:00:00,4257,3470,-25,181,181,400,116,270,787
UPL LTD,2018-12-31 00:00:00,4921,3983,-54,182,202,500,28,461,938
UPL LTD,2019-03-31 00:00:00,8525,7234,-251,431,405,204,-31,206,1291
UPL LTD,2019-06-30 00:00:00,7906,6594,-33,446,398,435,77,285,1312
UPL LTD,2019-09-30 00:00:00,7817,6370,-281,476,381,309,99,166,1447
UPL LTD,2019-12-31 00:00:00,8892,6790,-55,495,515,1037,199,701,2102
UPL LTD,2020-03-31 00:00:00,11141,9237,-150,595,187,972,211,617,1904
UPL LTD,2020-06-30 00:00:00,7833,6001,42,522,551,801,143,551,1832
UPL LTD,2020-09-30 00:00:00,8939,7272,-136,533,343,655,112,463,1667
UPL LTD,2020-12-31 00:00:00,9126,6931,145,542,745,1053,109,794,2195
TITAN COMPANY LTD,2018-09-30 00:00:00,4567.23,4100.01,27.9,42.79,13.49,438.84,137.73,305.91,467.22
TITAN COMPANY LTD,2018-12-31 00:00:00,5871.49,5280.35,62.62,38.47,15.67,599.62,188.53,413.19,591.14
TITAN COMPANY LTD,2019-03-31 00:00:00,4888.77,4440.27,56.36,40.84,12.49,451.53,103.23,353.59,448.5
TITAN COMPANY LTD,2019-06-30 00:00:00,5151.09,4578.59,57.08,75.95,33.85,519.78,156.04,363.74,572.5
TITAN COMPANY LTD,2019-09-30 00:00:00,4661,4142,32,82,45,424,112,315,519
TITAN COMPANY LTD,2019-12-31 00:00:00,6527,5769,23,88,45,648,174,474,758
TITAN COMPANY LTD,2020-03-31 00:00:00,4711.5,4099.14,41.71,102.08,42.74,509.25,166.18,346.25,612.36
TITAN COMPANY LTD,2020-06-30 00:00:00,1979,2236,41,93,52,-361,-64,-291,-257
TITAN COMPANY LTD,2020-09-30 00:00:00,4553,4241,48,94,49,217,44,175,312
TITAN COMPANY LTD,2020-12-31 00:00:00,7619,6771,40,96,51,741,211,525,848
TATA MOTORS LTD,2018-09-30 00:00:00,71981.08,65854.39,217.93,5941.2,1226.86,-823.44,271.9,-1048.8,6126.69
TATA MOTORS LTD,2018-12-31 00:00:00,76915.94,70789.35,-27347.26,6439.25,1568.48,-29228.4,-2405.18,-26992.54,6126.59
TATA MOTORS LTD,2019-03-31 00:00:00,86422.33,78405.49,189.12,5353.05,1587.99,1264.92,111.46,1117.48,8016.84
TATA MOTORS LTD,2019-06-30 00:00:00,61466.99,58609.05,727.17,5111.72,1711.57,-3238.18,196.07,-3698.34,2857.94
TATA MOTORS LTD,2019-09-30 00:00:00,65431.95,58482.77,806.98,5299.57,1835.36,621.23,445.47,-216.56,6949.18
TATA MOTORS LTD,2019-12-31 00:00:00,71676.07,64292.5,909.22,5199.28,1743.59,1349.92,-604.59,1738.3,7383.57
TATA MOTORS LTD,2020-03-31 00:00:00,62492.96,61806.22,-2232.02,5814.86,1952.81,-9312.95,358.3,-9894.25,686.74
TATA MOTORS LTD,2020-06-30 00:00:00,31983.06,31300.36,609.75,5599.37,1876.81,-6183.73,2200.49,-8437.99,682.7
TATA MOTORS LTD,2020-09-30 00:00:00,53530,47434.31,640.71,5601.47,1949.6,-814.67,-471.39,-314.45,6095.69
TATA MOTORS LTD,2020-12-31 00:00:00,75653.79,63523.9,292.18,6128.75,2125.93,4167.39,945.18,2906.45,12129.89
TATA CONSULTANCY SERVICES LTD,2018-09-30 00:00:00,36854,26576,730,507,137,10364,2437,7901,10278
TATA CONSULTANCY SERVICES LTD,2018-12-31 00:00:00,37338,27255,1163,519,16,10711,2590,8105,10083
TATA CONSULTANCY SERVICES LTD,2019-03-31 00:00:00,38010,27936,1193,537,28,10702,2550,8126,10074
TATA CONSULTANCY SERVICES LTD,2019-06-30 00:00:00,38172,28135,1675,817,257,10638,2485,8131,10037
TATA CONSULTANCY SERVICES LTD,2019-09-30 00:00:00,38977,28752,1361,864,193,10529,2471,8042,10225
TATA CONSULTANCY SERVICES LTD,2019-12-31 00:00:00,39854,28983,818,897,223,10569,2426,8118,10871
TATA CONSULTANCY SERVICES LTD,2020-03-31 00:00:00,39946,28971,738,950,251,10512,2419,8049,10975
TATA CONSULTANCY SERVICES LTD,2020-06-30 00:00:00,38322,28298,598,976,142,9504,2455,7008,10024
TATA CONSULTANCY SERVICES LTD,2020-09-30 00:00:00,40135,28622,-304,998,174,10037,2533,7475,11513
TATA CONSULTANCY SERVICES LTD,2020-12-31 00:00:00,42015,29807,691,1024,183,11692,2965,8701,12208
TECH MAHINDRA LTD,2018-09-30 00:00:00,8629.8,7024.4,175.1,294.4,38.8,1447.3,391.4,1064.3,1605.4
TECH MAHINDRA LTD,2018-12-31 00:00:00,8943.7,7234.3,80.6,283.6,35.8,1470.6,263.8,1202.9,1709.4
TECH MAHINDRA LTD,2019-03-31 00:00:00,8892.3,7280.8,167.1,270.4,28.1,1480.1,353.5,1132.5,1611.5
TECH MAHINDRA LTD,2019-06-30 00:00:00,8653,7346.7,341.3,321.3,45.4,1280.9,331.8,959.3,1306.3
TECH MAHINDRA LTD,2019-09-30 00:00:00,9069.9,7569,216.6,341.5,38.3,1337.7,226.5,1123.9,1500.9
TECH MAHINDRA LTD,2019-12-31 00:00:00,9654.6,8091.3,350.1,384.8,55,1473.6,362.9,1145.9,1563.3
TECH MAHINDRA LTD,2020-03-31 00:00:00,9490.2,8359.9,286.7,398.2,53.2,965.6,239.2,803.9,1130.3
TECH MAHINDRA LTD,2020-06-30 00:00:00,9106.3,7805.8,416.2,383.2,50.3,1283.2,327.6,972.3,1300.5
TECH MAHINDRA LTD,2020-09-30 00:00:00,9371.8,7668.8,117.9,371.7,39.9,1409.3,346.2,1064.6,1703
TECH MAHINDRA LTD,2020-12-31 00:00:00,9647.1,7751.6,221.4,358.4,42.1,1716.4,426.3,1309.8,1895.5
SBI LIFE INSURANCE COMPANY LTD,2018-09-30 00:00:00,9741.38,9465.73,19.8,,,295.45,44.92,250.53,275.65
SBI LIFE INSURANCE COMPANY LTD,2018-12-31 00:00:00,12269.21,11968.66,16.23,,,316.78,52.5,264.28,300.55
SBI LIFE INSURANCE COMPANY LTD,2019-03-31 00:00:00,15619.71,15228.57,120.15,,,511.29,53.61,457.68,391.14
SBI LIFE INSURANCE COMPANY LTD,2019-06-30 00:00:00,9803.54,9260.65,12.87,,,555.76,183.86,371.9,542.89
SBI LIFE INSURANCE COMPANY LTD,2019-09-30 00:00:00,12877.86,12711.69,11.93,,,178.1,48.26,129.84,166.17
SBI LIFE INSURANCE COMPANY LTD,2019-12-31 00:00:00,15941.81,15485.58,12.85,,,469.08,79.31,389.77,456.23
SBI LIFE INSURANCE COMPANY LTD,2020-03-31 00:00:00,5174.31,5078.17,491.2,,,587.34,56.67,530.67,96.14
SBI LIFE INSURANCE COMPANY LTD,2020-06-30 00:00:00,16265.77,15647.49,8.72,,,627,236.11,390.89,618.28
SBI LIFE INSURANCE COMPANY LTD,2020-09-30 00:00:00,18640.11,18436.52,11.52,,,215.11,-84.62,299.73,203.59
SBI LIFE INSURANCE COMPANY LTD,2020-12-31 00:00:00,26717.85,26431.94,10.1,,,296.01,63.16,232.85,285.91
TATA STEEL LTD,2018-09-30 00:00:00,40897.16,32137.54,659.41,1847.54,2138.51,5432.98,2316.78,3598.73,8759.62
TATA STEEL LTD,2018-12-31 00:00:00,38853.88,32405.31,503.38,1866.2,1926.03,3159.72,1406.65,2283.98,6448.57
TATA STEEL LTD,2019-03-31 00:00:00,42423.86,35009.87,598.61,1880.54,1937.75,4194.31,1899.06,2382.55,7413.99
TATA STEEL LTD,2019-06-30 00:00:00,35947.11,30604.96,372.91,2070.78,1806.43,1837.85,1123.82,717.07,5342.15
TATA STEEL LTD,2019-09-30 00:00:00,34579.18,31660.43,332.1,2127.16,1871.37,-747.68,-4049.99,3405.43,2918.75
TATA STEEL LTD,2019-12-31 00:00:00,35520.41,31985.37,-193.28,2018.67,1930.58,-607.49,621.04,-1084.62,3535.04
TATA STEEL LTD,2020-03-31 00:00:00,33769.95,29557.03,-1942.35,2224.12,1925.08,-1878.63,-263.28,-1481.34,4212.92
TATA STEEL LTD,2020-06-30 00:00:00,24288.51,23821.96,265.94,2110.82,1998.27,-3376.6,1271.53,-4416.56,466.55
TATA STEEL LTD,2020-09-30 00:00:00,37153.99,31052.38,377.68,2261.13,1940.24,2277.92,612.85,1565.41,6101.61
TATA STEEL LTD,2020-12-31 00:00:00,39594.09,30205.83,246.98,2274.76,1777.88,5582.6,1571.66,3697.22,9388.26
STATE BANK OF INDIA,2018-09-30 00:00:00,61426.85,39550.12,18342.35,,38268.74,1950.34,1198.76,576.46,21876.73
STATE BANK OF INDIA,2018-12-31 00:00:00,64910.26,36661.03,19479.88,,39889.14,7839.97,3016.68,4709.15,28249.23
STATE BANK OF INDIA,2019-03-31 00:00:00,65784.56,49602.41,25750.05,,40437.31,1494.89,-55.54,1244.47,16182.15
STATE BANK OF INDIA,2019-06-30 00:00:00,65594.42,37661.9,17683.66,,40139.31,5476.87,2301.01,2950.5,27932.52
STATE BANK OF INDIA,2019-09-30 00:00:00,67356.24,46398.46,25182.64,,40105.1,6035.32,2389.49,3375.4,20957.78
STATE BANK OF INDIA,2019-12-31 00:00:00,71025.52,42397.12,24358.76,,40486.95,12500.21,5702.96,6531.95,28628.4
STATE BANK OF INDIA,2020-03-31 00:00:00,65875.48,50112.78,30933.93,,40392.44,6304.19,1746.3,6909.95,15762.7
STATE BANK OF INDIA,2020-06-30 00:00:00,69939.97,41837.83,19411.63,,40301.32,7212.45,2008.96,4776.5,28102.14
STATE BANK OF INDIA,2020-09-30 00:00:00,70043.06,49043.48,25330.44,,39023.23,7306.79,1902.98,5245.88,20999.58
STATE BANK OF INDIA,2020-12-31 00:00:00,70099.79,50269.98,27082.36,,38296.8,8615.37,2213.21,6257.55,19829.81
SUN PHARMACEUTICALS INDUSTRIES LTD,2018-09-30 00:00:00,6937.63,5406.42,-863.23,426.51,129.53,111.94,269.69,-269.6,1531.21
SUN PHARMACEUTICALS INDUSTRIES LTD,2018-12-31 00:00:00,7740.19,5587.3,193.06,471.05,144.79,1730.11,270.92,1241.85,2152.89
SUN PHARMACEUTICALS INDUSTRIES LTD,2019-03-31 00:00:00,7163.92,6147.13,281.53,454.05,150.03,694.24,-28.81,635.88,1016.79
SUN PHARMACEUTICALS INDUSTRIES LTD,2019-06-30 00:00:00,8374.36,6378.75,213.02,457.13,104.06,1647.44,146.06,1387.48,1995.61
SUN PHARMACEUTICALS INDUSTRIES LTD,2019-09-30 00:00:00,8123.35,6333.61,200.85,473.28,83.93,1433.38,266.03,1064.09,1789.74
SUN PHARMACEUTICALS INDUSTRIES LTD,2019-12-31 00:00:00,8154.85,6313.45,119.88,546.99,62.96,1351.33,327.62,913.52,1841.4
SUN PHARMACEUTICALS INDUSTRIES LTD,2020-03-31 00:00:00,8184.94,6821.93,-158.41,575.38,51.78,577.44,83.09,399.84,1363.01
SUN PHARMACEUTICALS INDUSTRIES LTD,2020-06-30 00:00:00,7585.25,5741.74,-3479.54,495.92,51.95,-2183.9,245.91,-1655.6,1843.51
SUN PHARMACEUTICALS INDUSTRIES LTD,2020-09-30 00:00:00,8553.13,6359.85,544.06,498.6,33.28,2205.46,257.08,1812.79,2193.28
SUN PHARMACEUTICALS INDUSTRIES LTD,2020-12-31 00:00:00,8836.78,6430.64,314.95,531.94,26.1,2163.05,244.94,1852.48,2406.14
SHREE CEMENT LTD,2018-09-30 00:00:00,2855.39,2296.85,-126.5,353.64,61.92,16.48,-47.29,60.42,558.54
SHREE CEMENT LTD,2018-12-31 00:00:00,3139.76,2373.46,55.83,363.84,59.78,398.51,68.68,326.56,766.3
SHREE CEMENT LTD,2019-03-31 00:00:00,3489.35,2595.83,48.65,448.26,69.97,423.94,81.85,340.05,893.52
SHREE CEMENT LTD,2019-06-30 00:00:00,3302.79,2355.27,51.96,428.3,69.14,502.04,119.76,379.67,947.52
SHREE CEMENT LTD,2019-09-30 00:00:00,3004.45,2129.19,58.63,454.8,72.99,406.1,92.8,310.62,875.26
SHREE CEMENT LTD,2019-12-31 00:00:00,3146.01,2266.42,65.64,460.04,75.43,409.76,97.93,309.63,879.59
SHREE CEMENT LTD,2020-03-31 00:00:00,3415.14,2358.41,98.17,464.67,73.87,616.36,79.71,535.93,1056.73
SHREE CEMENT LTD,2020-06-30 00:00:00,2480.14,1792.19,126.44,300.15,71.59,442.65,112.3,329.6,687.95
SHREE CEMENT LTD,2020-09-30 00:00:00,3249.93,2250.2,103.4,309.72,63.9,729.51,201.64,526.97,999.73
SHREE CEMENT LTD,2020-12-31 00:00:00,3541.38,2415.46,108,322.26,59.52,852.14,220.56,630.87,1125.92
RELIANCE INDUSTRIES LTD,2018-09-30 00:00:00,143323,122215,1251,5229,3932,13198,3649,9516,21108
RELIANCE INDUSTRIES LTD,2018-12-31 00:00:00,156898,135581,2484,5237,4119,14445,4069,10251,21317
RELIANCE INDUSTRIES LTD,2019-03-31 00:00:00,139590,118437,2894,5295,4894,13858,3431,10362,21153
RELIANCE INDUSTRIES LTD,2019-06-30 00:00:00,157980,136365,2871,5011,5109,14366,4225,10104,21615
RELIANCE INDUSTRIES LTD,2019-09-30 00:00:00,149302,127150,3668,5315,5450,15055,3703,11262,22152
RELIANCE INDUSTRIES LTD,2019-12-31 00:00:00,153302,130553,3162,5545,5404,14962,3121,11640,22749
RELIANCE INDUSTRIES LTD,2020-03-31 00:00:00,136492,114487,-386,6332,6064,9223,2677,6348,22005
RELIANCE INDUSTRIES LTD,2020-06-30 00:00:00,88253,71378,9676,6308,6735,13508,260,13233,16875
RELIANCE INDUSTRIES LTD,2020-09-30 00:00:00,111236,92291,4354,6626,6084,10589,-13,9567,18945
RELIANCE INDUSTRIES LTD,2020-12-31 00:00:00,117860,96294,4407,6665,4326,14982,88,13101,21566
POWER GRID CORPORATION OF INDIA LTD,2018-09-30 00:00:00,8538.07,1312.8,1353.63,2633,2227.34,3718.56,1370.31,2348.25,7225.27
POWER GRID CORPORATION OF INDIA LTD,2018-12-31 00:00:00,8735.75,898.21,888.69,2694.91,2180.17,3851.15,1505.18,2345.97,7837.54
POWER GRID CORPORATION OF INDIA LTD,2019-03-31 00:00:00,9535.12,6857.59,178.88,2715.93,2298.95,-2158.47,-5219.9,3061.43,2677.53
POWER GRID CORPORATION OF INDIA LTD,2019-06-30 00:00:00,9179.63,917.41,211.43,2782.61,2288.58,3402.46,899.66,2502.8,8262.22
POWER GRID CORPORATION OF INDIA LTD,2019-09-30 00:00:00,9051.29,1129.83,608.5,2874.67,2298.81,3356.48,785.38,2571.1,7921.46
POWER GRID CORPORATION OF INDIA LTD,2019-12-31 00:00:00,9364.36,1117.35,569.31,2931.16,2387.1,3498.06,826.03,2672.03,8247.01
POWER GRID CORPORATION OF INDIA LTD,2020-03-31 00:00:00,10148.26,1645.01,1383.01,3018.6,2534.51,4333.15,1019.68,3313.47,8503.25
POWER GRID CORPORATION OF INDIA LTD,2020-06-30 00:00:00,9457.4,1115.78,-273.73,2958.81,2202.7,2906.38,857.96,2048.42,8341.62
POWER GRID CORPORATION OF INDIA LTD,2020-09-30 00:00:00,9529.68,1096.49,354.16,2894.83,2003.27,3889.25,795.15,3094.1,8433.19
POWER GRID CORPORATION OF INDIA LTD,2020-12-31 00:00:00,10142.48,1227.94,652.6,3073.35,2047.22,4446.57,1078.86,3367.71,8914.54
OIL & NATURAL GAS CORPN LTD,2018-09-30 00:00:00,113471.24,94276.17,2772.34,5574.72,1461.92,14930.77,6199.94,8270.61,19195.07
OIL & NATURAL GAS CORPN LTD,2018-12-31 00:00:00,117305.75,99805.42,3338.92,6021.58,1348.24,13469.43,3907.7,9383,17500.33
OIL & NATURAL GAS CORPN LTD,2019-03-31 00:00:00,112538.68,94961.17,1851.5,6294.3,1443.61,11691.1,5217.23,4751.36,17577.51
OIL & NATURAL GAS CORPN LTD,2019-06-30 00:00:00,109545.79,92630.52,1812.86,5757.93,1519.36,11450.84,4330.76,6771,16915.27
OIL & NATURAL GAS CORPN LTD,2019-09-30 00:00:00,101575.4,85560.47,1640.31,6644.68,1750.87,9259.69,3699.44,5349.2,16014.93
OIL & NATURAL GAS CORPN LTD,2019-12-31 00:00:00,109466.04,93828.1,2244.54,7456.97,1535.74,8889.77,3430.54,4979.11,15637.94
OIL & NATURAL GAS CORPN LTD,2020-03-31 00:00:00,104488.95,100850.29,-5204.5,6771.78,2191.34,-10528.96,-3952.28,-6189.44,3638.66
OIL & NATURAL GAS CORPN LTD,2020-06-30 00:00:00,62496.06,54217.65,1079.41,5847.94,1497.66,2012.22,922.19,119.75,8278.41
OIL & NATURAL GAS CORPN LTD,2020-09-30 00:00:00,83619.16,69749.68,1370.67,5623.7,1046.92,8569.53,2768.71,4335.31,13869.48
OIL & NATURAL GAS CORPN LTD,2020-12-31 00:00:00,100288.83,89009.47,2378.78,6494.8,1025.2,6138.14,2374.61,2643.17,11279.36
NTPC LTD,2018-09-30 00:00:00,23347.95,17575.14,1511.63,1994.49,1443.85,3846.1,1368.82,2493.86,5772.81
NTPC LTD,2018-12-31 00:00:00,25491.04,18589.29,789.4,2100.22,1407.26,4183.67,1575.49,2597.95,6901.75
NTPC LTD,2019-03-31 00:00:00,23800.23,24984.02,1892.46,1875.93,1136.54,-2303.8,-7465.19,5087.23,-1183.79
NTPC LTD,2019-06-30 00:00:00,26886.22,19527.52,1177.08,2429.3,1857.5,4248.98,1116.25,3086.87,7358.7
NTPC LTD,2019-09-30 00:00:00,25708.98,18137.27,1905.73,2531.22,1911.71,5034.51,1246.4,3714.59,7571.71
NTPC LTD,2019-12-31 00:00:00,26478.33,18388.54,2217.63,2782.41,2147.05,5377.96,2026.68,3264.07,8089.79
NTPC LTD,2020-03-31 00:00:00,30201.08,21860.49,2955.83,2613.23,2211.3,6471.89,4948.12,1442.57,8340.59
NTPC LTD,2020-06-30 00:00:00,26194.76,17247.15,789.8,2936.64,2465.25,4335.52,1386.58,2890.39,8947.61
NTPC LTD,2020-09-30 00:00:00,27707.76,19195.48,857.09,3014.83,2219.37,4135.17,640.56,3435.99,8512.28
NTPC LTD,2020-12-31 00:00:00,27526.03,18785.17,1987.69,3041.6,2456.54,5230.41,1354.05,3766.46,8740.86
NESTLE INDIA LTD,2018-09-30 00:00:00,2939.36,2214.16,67.03,93.01,27.46,671.76,225.65,446.11,725.2
NESTLE INDIA LTD,2018-12-31 00:00:00,2897.27,2346.71,75.23,78.42,25.17,522.2,180.44,341.76,550.56
NESTLE INDIA LTD,2019-03-31 00:00:00,3002.95,2250.25,73.19,91.38,33.9,700.61,237.87,462.74,752.7
NESTLE INDIA LTD,2019-06-30 00:00:00,3000.85,2288.17,72.59,94.14,32.04,659.09,221.3,437.79,712.68
NESTLE INDIA LTD,2019-09-30 00:00:00,3215.81,2449.39,56.4,91.07,32.06,699.69,104.42,595.27,766.42
NESTLE INDIA LTD,2019-12-31 00:00:00,3149.29,2455.21,44.7,93.56,31.12,614.1,141.46,472.64,694.08
NESTLE INDIA LTD,2020-03-31 00:00:00,3325.27,2531.96,42.85,91.35,40.96,703.85,178.42,525.43,793.31
NESTLE INDIA LTD,2020-06-30 00:00:00,3050.48,2302.92,37.93,92.42,40.8,652.27,165.67,486.6,747.56
NESTLE INDIA LTD,2020-09-30 00:00:00,3541.7,2658.11,34.47,91.11,40.45,786.5,199.41,587.09,883.59
NESTLE INDIA LTD,2020-12-31 00:00:00,3432.58,2655.54,30.6,95.5,41.97,670.17,186.86,483.31,777.04
MARUTI SUZUKI INDIA LTD,2018-09-30 00:00:00,22443.9,19010.9,565.5,721.7,25.8,3251,970.8,2279.9,3433
MARUTI SUZUKI INDIA LTD,2018-12-31 00:00:00,19680.7,17749,952.9,768.1,20.8,2095.7,571.2,1524,1931.7
MARUTI SUZUKI INDIA LTD,2019-03-31 00:00:00,21473.1,19207.9,908.7,810.7,8.5,2354.7,523.9,1830.3,2265.2
MARUTI SUZUKI INDIA LTD,2019-06-30 00:00:00,19732.6,17682.9,777.1,919,54.8,1853,476.2,1376.3,2049.7
MARUTI SUZUKI INDIA LTD,2019-09-30 00:00:00,16997.9,15388,949.9,926.5,28.4,1604.9,213.8,1390.6,1609.9
MARUTI SUZUKI INDIA LTD,2019-12-31 00:00:00,20721.8,18616.8,802.8,859.3,22.2,2026.3,438.9,1586.9,2105
MARUTI SUZUKI INDIA LTD,2020-03-31 00:00:00,18207.7,16659.7,923,823.6,28.8,1618.6,296.3,1322.2,1548
MARUTI SUZUKI INDIA LTD,2020-06-30 00:00:00,4110.6,4997.1,1318.4,784,17.6,-369.7,-101.4,-266.9,-886.5
MARUTI SUZUKI INDIA LTD,2020-09-30 00:00:00,18755.6,16819.2,649.5,766.5,22.6,1796.8,377.2,1419.6,1936.4
MARUTI SUZUKI INDIA LTD,2020-12-31 00:00:00,23471.3,21243.5,1053.5,742,29,2510.3,513.6,1996.7,2227.8
JSW STEEL LTD,2018-09-30 00:00:00,21552,16648,56,974,963,3023,936,2126,4904
JSW STEEL LTD,2018-12-31 00:00:00,20318,15833,37,1078,1021,2423,820,1624,4485
JSW STEEL LTD,2019-03-31 00:00:00,22368,17961,53,1084,1046,2330,835,1523,4407
JSW STEEL LTD,2019-06-30 00:00:00,19812,16115,141,1026,1042,1770,762,1028,3697
JSW STEEL LTD,2019-09-30 00:00:00,17572,14856,156,1057,1127,688,-1848,2560,2716
JSW STEEL LTD,2019-12-31 00:00:00,18055,15631,127,1055,1060,436,249,211,2424
JSW STEEL LTD,2020-03-31 00:00:00,17887,14941,-683,1108,1036,119,-69,231,2946
JSW STEEL LTD,2020-06-30 00:00:00,11782,10494,132,1047,1016,-643,-61,-561,1288
JSW STEEL LTD,2020-09-30 00:00:00,19264,14850,199,1149,959,2505,910,1593,4414
JSW STEEL LTD,2020-12-31 00:00:00,21859,15918,147,1230,977,3881,1212,2681,5941
LARSEN & TOUBRO LTD,2018-09-30 00:00:00,30678.13,25348.98,841.15,477.6,2186,3506.7,817.07,2230.49,5329.15
LARSEN & TOUBRO LTD,2018-12-31 00:00:00,34233.96,28506.37,732.72,405.28,2510.21,3544.82,1126.07,2041.62,5727.59
LARSEN & TOUBRO LTD,2019-03-31 00:00:00,43303.4,36057.51,813.38,435.43,2473.23,5150.61,1234.38,3418.24,7245.89
LARSEN & TOUBRO LTD,2019-06-30 00:00:00,29635.95,24488.98,747.07,461.46,2665.27,2767.31,794.79,1472.58,5146.97
LARSEN & TOUBRO LTD,2019-09-30 00:00:00,35328.45,29283.31,815.2,629.65,2709.18,3521.51,791.12,2527.26,6045.14
LARSEN & TOUBRO LTD,2019-12-31 00:00:00,36242.68,30120.61,660.35,660.23,2707.62,3414.57,711,2352.12,6122.07
LARSEN & TOUBRO LTD,2020-03-31 00:00:00,44245.28,37188.61,792.87,710.94,2756.47,4382.13,966.29,3197.07,7056.67
LARSEN & TOUBRO LTD,2020-06-30 00:00:00,21259.97,17535.61,960.73,672.23,3159.79,853.07,208,303.14,3724.36
LARSEN & TOUBRO LTD,2020-09-30 00:00:00,31034.74,25715.23,4972.73,713.12,3027.22,6551.9,675.36,5520.27,5319.51
LARSEN & TOUBRO LTD,2020-12-31 00:00:00,35596.42,29530.58,1273.99,702.1,2747.9,3889.83,1040.77,2466.69,6065.84
MAHINDRA & MAHINDRA LTD,2018-09-30 00:00:00,25431.02,21853.08,1047.79,993.41,1195.25,2437.07,728.15,1604.93,3577.94
MAHINDRA & MAHINDRA LTD,2018-12-31 00:00:00,26185.47,22491.49,528.86,1014.12,1295.24,1913.48,405.38,1310.62,3693.98
MAHINDRA & MAHINDRA LTD,2019-03-31 00:00:00,27158.77,23169.93,240.72,1087.42,1436.64,1705.5,790.24,693.38,3988.84
MAHINDRA & MAHINDRA LTD,2019-06-30 00:00:00,26041.02,22605.83,672.26,1240.76,1424.79,1441.9,547.79,913.54,3435.19
MAHINDRA & MAHINDRA LTD,2019-09-30 00:00:00,23935.93,20626.28,581.46,1258.95,1526.36,1105.8,737.37,348.14,3309.65
MAHINDRA & MAHINDRA LTD,2019-12-31 00:00:00,19430.29,16789.89,604.44,851.52,1525.64,867.68,696.99,199.94,2640.4
MAHINDRA & MAHINDRA LTD,2020-03-31 00:00:00,20182.28,17767.65,-1396.95,1202.64,1575.81,-1760.77,-6.54,-1334.58,2414.63
MAHINDRA & MAHINDRA LTD,2020-06-30 00:00:00,16321.34,14597.53,1215.93,1163.13,1608.4,168.21,113.57,-97.62,1723.81
MAHINDRA & MAHINDRA LTD,2020-09-30 00:00:00,19226.81,15722.09,-244.26,860.88,1589.41,810.17,661.81,135.56,3504.72
MAHINDRA & MAHINDRA LTD,2020-12-31 00:00:00,21625.95,19103.01,527.73,847.08,1516.4,687.19,527.59,704.39,2522.94
KOTAK MAHINDRA BANK LTD,2018-09-30 00:00:00,7285.46,4350.64,3503.64,115.79,3772.76,2549.91,835.79,1747.37,2934.82
KOTAK MAHINDRA BANK LTD,2018-12-31 00:00:00,7718.52,4571.4,3628.87,116.16,3940.53,2719.3,896.51,1844.01,3147.12
KOTAK MAHINDRA BANK LTD,2019-03-31 00:00:00,7951.92,6740.42,5871.41,117.65,3974.67,2990.59,952.37,2038.27,1211.5
KOTAK MAHINDRA BANK LTD,2019-06-30 00:00:00,8289.3,4942.8,3840.26,118.53,4155.07,2913.16,986.31,1932.21,3346.5
KOTAK MAHINDRA BANK LTD,2019-09-30 00:00:00,8418.75,5426.43,4124.24,117.53,4054.32,2944.71,545.63,2407.25,2992.32
KOTAK MAHINDRA BANK LTD,2019-12-31 00:00:00,8331.98,6650.71,5210.45,111.9,3890.35,2889.47,560.14,2348.72,1681.27
KOTAK MAHINDRA BANK LTD,2020-03-31 00:00:00,8434.13,3577.71,1735.91,116.93,3800.94,2674.46,722.64,1905.18,4856.42
KOTAK MAHINDRA BANK LTD,2020-06-30 00:00:00,8421.69,6259.58,3901.46,,3628.24,2435.33,594.89,1852.59,2162.11
KOTAK MAHINDRA BANK LTD,2020-09-30 00:00:00,8337.36,6391.43,5254.05,,3285.51,3914.47,981.01,2946.62,1945.93
KOTAK MAHINDRA BANK LTD,2020-12-31 00:00:00,8280.41,8259.73,6554.58,,3120.26,3455,879.26,2601.67,20.68
ITC LTD,2018-09-30 00:00:00,12184.28,7757.72,474.37,349.28,22.19,4529.46,1484.39,3003.99,4426.56
ITC LTD,2018-12-31 00:00:00,12583.77,7978.48,585.03,356.43,5.7,4828.19,1691.24,3078.67,4605.29
ITC LTD,2019-03-31 00:00:00,13212.19,8379.95,690.11,370.78,9.63,5141.94,1549.14,3535.11,4832.24
ITC LTD,2019-06-30 00:00:00,12657.9,7720.15,647.29,378.94,14.58,5191.52,1755.01,3355.01,4937.75
ITC LTD,2019-09-30 00:00:00,12867.39,8025.33,629.88,415.84,13.99,5042.11,868.39,4119.16,4842.06
ITC LTD,2019-12-31 00:00:00,12902.55,7925.82,520.85,436.9,11.43,5049.25,1001.38,3975.54,4976.73
ITC LTD,2020-03-31 00:00:00,12560.64,8057.02,667.76,413.23,14.68,4743.47,817.01,3856.52,4503.62
ITC LTD,2020-06-30 00:00:00,10478.46,7532.9,925.13,418.99,15.82,3435.88,868.81,2511,2945.56
ITC LTD,2020-09-30 00:00:00,12076.72,7675.72,582.25,404.6,13.27,4565.38,1146.69,3368.17,4401
ITC LTD,2020-12-31 00:00:00,13079.72,8294.7,545.69,413.49,12.61,4904.61,1317.41,3526.55,4785.02
INFOSYS LTD,2018-09-30 00:00:00,20609,15252,739,463,,5633,1523,4110,5357
INFOSYS LTD,2018-12-31 00:00:00,21400,16441,753,580,,5132,1522,3609,4959
INFOSYS LTD,2019-03-31 00:00:00,21539,16390,665,531,,5283,1205,4074,5149
INFOSYS LTD,2019-06-30 00:00:00,21803,16651,736,681,40,5167,1365,3798,5152
INFOSYS LTD,2019-09-30 00:00:00,22629,16990,626,727,42,5496,1459,4019,5639
INFOSYS LTD,2019-12-31 00:00:00,23092,17291,827,737,42,5849,1383,4457,5801
INFOSYS LTD,2020-03-31 00:00:00,23267,17591,614,749,45,5496,1161,4321,5676
INFOSYS LTD,2020-06-30 00:00:00,23665,17544,475,756,48,5792,1520,4233,6121
INFOSYS LTD,2020-09-30 00:00:00,24570,17487,570,855,48,6750,1892,4845,7083
INFOSYS LTD,2020-12-31 00:00:00,25927,18512,611,826,49,7151,1936,5197,7415
INDIAN OIL CORPORATION LTD,2018-09-30 00:00:00,132357.08,125120.2,1094.03,2074.31,1351.23,4905.37,1578.73,3314.65,7236.88
INDIAN OIL CORPORATION LTD,2018-12-31 00:00:00,141016.49,137460.8,786.06,2137.44,998.06,1206.25,438.59,964.75,3555.69
INDIAN OIL CORPORATION LTD,2019-03-31 00:00:00,126076.8,114708.75,1371.31,2333.28,1385.72,9020.36,3016.4,6004.88,11368.05
INDIAN OIL CORPORATION LTD,2019-06-30 00:00:00,131298.23,122725.04,939.91,2380.74,1650.01,5482.35,1858.66,3737.5,8573.19
INDIAN OIL CORPORATION LTD,2019-09-30 00:00:00,111128.7,107369.25,735.94,2359.95,1452.84,682.6,312.16,468.04,3759.45
INDIAN OIL CORPORATION LTD,2019-12-31 00:00:00,123929.51,116745.66,696.47,2461.66,1443.92,3974.74,1279.65,2683.87,7183.85
INDIAN OIL CORPORATION LTD,2020-03-31 00:00:00,118007.32,121118.94,-9520.58,2652.53,2031.97,-17316.7,-8751.16,-7782.55,-3111.62
INDIAN OIL CORPORATION LTD,2020-06-30 00:00:00,60528.68,54269.7,890.64,2613.12,1332.1,3204.4,854.15,2226.8,6258.98
INDIAN OIL CORPORATION LTD,2020-09-30 00:00:00,81704.43,71512.51,1290.31,2656.34,320.26,8505.63,2340.93,6025.81,10191.92
INDIAN OIL CORPORATION LTD,2020-12-31 00:00:00,101969.47,92175.72,1234.86,2723.12,733.63,7571.86,3469.49,4359.11,9793.75
